@ARTICLE{2015MNRAS.454.1260A,
   author = {{Agnello}, A. and {Treu}, T. and {Ostrovski}, F. and {Schechter}, P.~L. and
	{Buckley-Geer}, E.~J. and {Lin}, H. and {Auger}, M.~W. and {Courbin}, F. and
	{Fassnacht}, C.~D. and {Frieman}, J. and {Kuropatkin}, N. and
	{Marshall}, P.~J. and {McMahon}, R.~G. and {Meylan}, G. and
	{More}, A. and {Suyu}, S.~H. and {Rusu}, C.~E. and {Finley}, D. and
	{Abbott}, T. and {Abdalla}, F.~B. and {Allam}, S. and {Annis}, J. and
	{Banerji}, M. and {Benoit-L{\'e}vy}, A. and {Bertin}, E. and
	{Brooks}, D. and {Burke}, D.~L. and {Rosell}, A.~C. and {Kind}, M.~C. and
	{Carretero}, J. and {Cunha}, C.~E. and {D'Andrea}, C.~B. and
	{da Costa}, L.~N. and {Desai}, S. and {Diehl}, H.~T. and {Dietrich}, J.~P. and
	{Doel}, P. and {Eifler}, T.~F. and {Estrada}, J. and {Neto}, A.~F. and
	{Flaugher}, B. and {Fosalba}, P. and {Gerdes}, D.~W. and {Gruen}, D. and
	{Gutierrez}, G. and {Honscheid}, K. and {James}, D.~J. and {Kuehn}, K. and
	{Lahav}, O. and {Lima}, M. and {Maia}, M.~A.~G. and {March}, M. and
	{Marshall}, J.~L. and {Martini}, P. and {Melchior}, P. and {Miller}, C.~J. and
	{Miquel}, R. and {Nichol}, R.~C. and {Ogando}, R. and {Plazas}, A.~A. and
	{Reil}, K. and {Romer}, A.~K. and {Roodman}, A. and {Sako}, M. and
	{Sanchez}, E. and {Santiago}, B. and {Scarpine}, V. and {Schubnell}, M. and
	{Sevilla-Noarbe}, I. and {Smith}, R.~C. and {Soares-Santos}, M. and
	{Sobreira}, F. and {Suchyta}, E. and {Swanson}, M.~E.~C. and
	{Tarle}, G. and {Thaler}, J. and {Tucker}, D. and {Walker}, A.~R. and
	{Wechsler}, R.~H. and {Zhang}, Y.},
    title = "{Discovery of two gravitationally lensed quasars in the Dark Energy Survey}",
  journal = {\mnras},
archivePrefix = "arXiv",
   eprint = {1508.01203},
 keywords = {gravitational lensing: strong, methods: observational, methods: statistical, quasars: emission lines},
     year = 2015,
    month = dec,
   volume = 454,
    pages = {1260-1265},
      doi = {10.1093/mnras/stv2171},
   adsurl = {http://adsabs.harvard.edu/abs/2015MNRAS.454.1260A},
  adsnote = {Provided by the SAO/NASA Astrophysics Data System}
}

@ARTICLE{2015JCAP...09..059M,
   author = {{Meng}, X.-L. and {Treu}, T. and {Agnello}, A. and {Auger}, M.~W. and
	{Liao}, K. and {Marshall}, P.~J.},
    title = "{Precision cosmology with time delay lenses: high resolution imaging requirements}",
  journal = {\jcap},
archivePrefix = "arXiv",
   eprint = {1506.07640},
     year = 2015,
    month = sep,
   volume = 9,
      eid = {059},
    pages = {059},
      doi = {10.1088/1475-7516/2015/09/059},
   adsurl = {http://adsabs.harvard.edu/abs/2015JCAP...09..059M},
  adsnote = {Provided by the SAO/NASA Astrophysics Data System}
}

@ARTICLE{2016MNRAS.455.1171M,
   author = {{Marshall}, P.~J. and {Verma}, A. and {More}, A. and {Davis}, C.~P. and
	{More}, S. and {Kapadia}, A. and {Parrish}, M. and {Snyder}, C. and
	{Wilcox}, J. and {Baeten}, E. and {Macmillan}, C. and {Cornen}, C. and
	{Baumer}, M. and {Simpson}, E. and {Lintott}, C.~J. and {Miller}, D. and
	{Paget}, E. and {Simpson}, R. and {Smith}, A.~M. and {K{\"u}ng}, R. and
	{Saha}, P. and {Collett}, T.~E.},
    title = "{SPACE WARPS - I. Crowdsourcing the discovery of gravitational lenses}",
  journal = {\mnras},
archivePrefix = "arXiv",
   eprint = {1504.06148},
 primaryClass = "astro-ph.IM",
 keywords = {gravitational lensing: strong, methods: statistical},
     year = 2016,
    month = jan,
   volume = 455,
    pages = {1171-1190},
      doi = {10.1093/mnras/stv2009},
   adsurl = {http://adsabs.harvard.edu/abs/2016MNRAS.455.1171M},
  adsnote = {Provided by the SAO/NASA Astrophysics Data System}
}

@ARTICLE{2016MNRAS.455.1191M,
   author = {{More}, A. and {Verma}, A. and {Marshall}, P.~J. and {More}, S. and
	{Baeten}, E. and {Wilcox}, J. and {Macmillan}, C. and {Cornen}, C. and
	{Kapadia}, A. and {Parrish}, M. and {Snyder}, C. and {Davis}, C.~P. and
	{Gavazzi}, R. and {Lintott}, C.~J. and {Simpson}, R. and {Miller}, D. and
	{Smith}, A.~M. and {Paget}, E. and {Saha}, P. and {K{\"u}ng}, R. and
	{Collett}, T.~E.},
    title = "{SPACE WARPS- II. New gravitational lens candidates from the CFHTLS discovered through citizen science}",
  journal = {\mnras},
archivePrefix = "arXiv",
   eprint = {1504.05587},
 keywords = {gravitational lensing: strong, methods: statistical},
     year = 2016,
    month = jan,
   volume = 455,
    pages = {1191-1210},
      doi = {10.1093/mnras/stv1965},
   adsurl = {http://adsabs.harvard.edu/abs/2016MNRAS.455.1191M},
  adsnote = {Provided by the SAO/NASA Astrophysics Data System}
}

@ARTICLE{2015MNRAS.452..502G,
   author = {{Geach}, J.~E. and {More}, A. and {Verma}, A. and {Marshall}, P.~J. and
	{Jackson}, N. and {Belles}, P.-E. and {Beswick}, R. and {Baeten}, E. and
	{Chavez}, M. and {Cornen}, C. and {Cox}, B.~E. and {Erben}, T. and
	{Erickson}, N.~J. and {Garrington}, S. and {Harrison}, P.~A. and
	{Harrington}, K. and {Hughes}, D.~H. and {Ivison}, R.~J. and
	{Jordan}, C. and {Lin}, Y.-T. and {Leauthaud}, A. and {Lintott}, C. and
	{Lynn}, S. and {Kapadia}, A. and {Kneib}, J.-P. and {Macmillan}, C. and
	{Makler}, M. and {Miller}, G. and {Monta{\~n}a}, A. and {Mujica}, R. and
	{Muxlow}, T. and {Narayanan}, G. and {Briain}, D.~{\'O}. and
	{O'Brien}, T. and {Oguri}, M. and {Paget}, E. and {Parrish}, M. and
	{Ross}, N.~P. and {Rozo}, E. and {Rusu}, C.~E. and {Rykoff}, E.~S. and
	{Sanchez-Arg{\"u}elles}, D. and {Simpson}, R. and {Snyder}, C. and
	{Schloerb}, F.~P. and {Tecza}, M. and {Wang}, W.-H. and {Van Waerbeke}, L. and
	{Wilcox}, J. and {Viero}, M. and {Wilson}, G.~W. and {Yun}, M.~S. and
	{Zeballos}, M.},
    title = "{The Red Radio Ring: a gravitationally lensed hyperluminous infrared radio galaxy at z = 2.553 discovered through the citizen science project SPACE WARPS}",
  journal = {\mnras},
archivePrefix = "arXiv",
   eprint = {1503.05824},
 keywords = {methods: miscellaneous, galaxies: high-redshift},
     year = 2015,
    month = sep,
   volume = 452,
    pages = {502-510},
      doi = {10.1093/mnras/stv1243},
   adsurl = {http://adsabs.harvard.edu/abs/2015MNRAS.452..502G},
  adsnote = {Provided by the SAO/NASA Astrophysics Data System}
}

@ARTICLE{2015MNRAS.450.2963M,
   author = {{Mandelbaum}, R. and {Rowe}, B. and {Armstrong}, R. and {Bard}, D. and
	{Bertin}, E. and {Bosch}, J. and {Boutigny}, D. and {Courbin}, F. and
	{Dawson}, W.~A. and {Donnarumma}, A. and {Fenech Conti}, I. and
	{Gavazzi}, R. and {Gentile}, M. and {Gill}, M.~S.~S. and {Hogg}, D.~W. and
	{Huff}, E.~M. and {Jee}, M.~J. and {Kacprzak}, T. and {Kilbinger}, M. and
	{Kuntzer}, T. and {Lang}, D. and {Luo}, W. and {March}, M.~C. and
	{Marshall}, P.~J. and {Meyers}, J.~E. and {Miller}, L. and {Miyatake}, H. and
	{Nakajima}, R. and {Ngol{\'e} Mboula}, F.~M. and {Nurbaeva}, G. and
	{Okura}, Y. and {Paulin-Henriksson}, S. and {Rhodes}, J. and
	{Schneider}, M.~D. and {Shan}, H. and {Sheldon}, E.~S. and {Simet}, M. and
	{Starck}, J.-L. and {Sureau}, F. and {Tewes}, M. and {Zarb Adami}, K. and
	{Zhang}, J. and {Zuntz}, J.},
    title = "{GREAT3 results - I. Systematic errors in shear estimation and the impact of real galaxy morphology}",
  journal = {\mnras},
archivePrefix = "arXiv",
   eprint = {1412.1825},
 keywords = {gravitational lensing: weak, methods: data analysis, techniques: image processing, cosmology: observations},
     year = 2015,
    month = jul,
   volume = 450,
    pages = {2963-3007},
      doi = {10.1093/mnras/stv781},
   adsurl = {http://adsabs.harvard.edu/abs/2015MNRAS.450.2963M},
  adsnote = {Provided by the SAO/NASA Astrophysics Data System}
}

@ARTICLE{2015ApJ...807..138C,
   author = {{Chan}, J.~H.~H. and {Suyu}, S.~H. and {Chiueh}, T. and {More}, A. and
	{Marshall}, P.~J. and {Coupon}, J. and {Oguri}, M. and {Price}, P.
	},
    title = "{Chitah: Strong-gravitational-lens Hunter in Imaging Surveys}",
  journal = {\apj},
archivePrefix = "arXiv",
   eprint = {1411.5398},
 keywords = {gravitational lensing: strong, methods: data analysis, quasars: individual: anguita},
     year = 2015,
    month = jul,
   volume = 807,
      eid = {138},
    pages = {138},
      doi = {10.1088/0004-637X/807/2/138},
   adsurl = {http://adsabs.harvard.edu/abs/2015ApJ...807..138C},
  adsnote = {Provided by the SAO/NASA Astrophysics Data System}
}

@ARTICLE{2015ApJ...805...79M,
   author = {{Mason}, C.~A. and {Treu}, T. and {Schmidt}, K.~B. and {Collett}, T.~E. and
	{Trenti}, M. and {Marshall}, P.~J. and {Barone-Nugent}, R. and
	{Bradley}, L.~D. and {Stiavelli}, M. and {Wyithe}, S.},
    title = "{Correcting the z {\tilde} 8 Galaxy Luminosity Function for Gravitational Lensing Magnification Bias}",
  journal = {\apj},
archivePrefix = "arXiv",
   eprint = {1502.03795},
 keywords = {galaxies: high-redshift, galaxies: luminosity function, mass function, gravitational lensing: strong},
     year = 2015,
    month = may,
   volume = 805,
      eid = {79},
    pages = {79},
      doi = {10.1088/0004-637X/805/1/79},
   adsurl = {http://adsabs.harvard.edu/abs/2015ApJ...805...79M},
  adsnote = {Provided by the SAO/NASA Astrophysics Data System}
}

@ARTICLE{2015MNRAS.447.2170K,
   author = {{K{\"u}ng}, R. and {Saha}, P. and {More}, A. and {Baeten}, E. and
	{Coles}, J. and {Cornen}, C. and {Macmillan}, C. and {Marshall}, P. and
	{More}, S. and {Odermatt}, J. and {Verma}, A. and {Wilcox}, J.~K.
	},
    title = "{Gravitational lens modelling in a citizen science context}",
  journal = {\mnras},
archivePrefix = "arXiv",
   eprint = {1502.00008},
 primaryClass = "astro-ph.IM",
 keywords = {gravitational lensing: strong, methods: numerical},
     year = 2015,
    month = mar,
   volume = 447,
    pages = {2170-2180},
      doi = {10.1093/mnras/stu2554},
   adsurl = {http://adsabs.harvard.edu/abs/2015MNRAS.447.2170K},
  adsnote = {Provided by the SAO/NASA Astrophysics Data System}
}

@ARTICLE{2015ApJ...799L..22H,
   author = {{Hezaveh}, Y.~D. and {Marshall}, P.~J. and {Blandford}, R.~D.
	},
    title = "{Probing the Inner Kiloparsec of Massive Galaxies With Strong Gravitational Lensing}",
  journal = {\apjl},
archivePrefix = "arXiv",
   eprint = {1501.01757},
 keywords = {black hole physics, galaxies: formation, gravitational lensing: strong},
     year = 2015,
    month = feb,
   volume = 799,
      eid = {L22},
    pages = {L22},
      doi = {10.1088/2041-8205/799/2/L22},
   adsurl = {http://adsabs.harvard.edu/abs/2015ApJ...799L..22H},
  adsnote = {Provided by the SAO/NASA Astrophysics Data System}
}

@ARTICLE{2015ApJ...807...87S,
   author = {{Schneider}, M.~D. and {Hogg}, D.~W. and {Marshall}, P.~J. and
	{Dawson}, W.~A. and {Meyers}, J. and {Bard}, D.~J. and {Lang}, D.
	},
    title = "{Hierarchical Probabilistic Inference of Cosmic Shear}",
  journal = {\apj},
archivePrefix = "arXiv",
   eprint = {1411.2608},
 keywords = {catalogs, cosmology: observations, gravitational lensing: weak, methods: data analysis, methods: statistical, surveys},
     year = 2015,
    month = jul,
   volume = 807,
      eid = {87},
    pages = {87},
      doi = {10.1088/0004-637X/807/1/87},
   adsurl = {http://adsabs.harvard.edu/abs/2015ApJ...807...87S},
  adsnote = {Provided by the SAO/NASA Astrophysics Data System}
}

@ARTICLE{2015MNRAS.448.1446A,
   author = {{Agnello}, A. and {Kelly}, B.~C. and {Treu}, T. and {Marshall}, P.~J.
	},
    title = "{Data mining for gravitationally lensed quasars}",
  journal = {\mnras},
archivePrefix = "arXiv",
   eprint = {1410.4565},
 keywords = {gravitational lensing: strong, methods: statistical, techniques: image processing},
     year = 2015,
    month = apr,
   volume = 448,
    pages = {1446-1462},
      doi = {10.1093/mnras/stv037},
   adsurl = {http://adsabs.harvard.edu/abs/2015MNRAS.448.1446A},
  adsnote = {Provided by the SAO/NASA Astrophysics Data System}
}

@ARTICLE{2015ApJ...800...94S,
   author = {{Sonnenfeld}, A. and {Treu}, T. and {Marshall}, P.~J. and {Suyu}, S.~H. and
	{Gavazzi}, R. and {Auger}, M.~W. and {Nipoti}, C.},
    title = "{The SL2S Galaxy-scale Lens Sample. V. Dark Matter Halos and Stellar IMF of Massive Early-type Galaxies Out to Redshift 0.8}",
  journal = {\apj},
archivePrefix = "arXiv",
   eprint = {1410.1881},
 keywords = {galaxies: elliptical and lenticular, cD, galaxies: evolution, gravitational lensing: strong },
     year = 2015,
    month = feb,
   volume = 800,
      eid = {94},
    pages = {94},
      doi = {10.1088/0004-637X/800/2/94},
   adsurl = {http://adsabs.harvard.edu/abs/2015ApJ...800...94S},
  adsnote = {Provided by the SAO/NASA Astrophysics Data System}
}

@ARTICLE{2015ApJ...800...11L,
   author = {{Liao}, K. and {Treu}, T. and {Marshall}, P. and {Fassnacht}, C.~D. and
	{Rumbaugh}, N. and {Dobler}, G. and {Aghamousa}, A. and {Bonvin}, V. and
	{Courbin}, F. and {Hojjati}, A. and {Jackson}, N. and {Kashyap}, V. and
	{Rathna Kumar}, S. and {Linder}, E. and {Mandel}, K. and {Meng}, X.-L. and
	{Meylan}, G. and {Moustakas}, L.~A. and {Prabhu}, T.~P. and
	{Romero-Wolf}, A. and {Shafieloo}, A. and {Siemiginowska}, A. and
	{Stalin}, C.~S. and {Tak}, H. and {Tewes}, M. and {van Dyk}, D.
	},
    title = "{Strong Lens Time Delay Challenge. II. Results of TDC1}",
  journal = {\apj},
archivePrefix = "arXiv",
   eprint = {1409.1254},
 primaryClass = "astro-ph.IM",
 keywords = {gravitational lensing: strong, methods: data analysis },
     year = 2015,
    month = feb,
   volume = 800,
      eid = {11},
    pages = {11},
      doi = {10.1088/0004-637X/800/1/11},
   adsurl = {http://adsabs.harvard.edu/abs/2015ApJ...800...11L},
  adsnote = {Provided by the SAO/NASA Astrophysics Data System}
}

@ARTICLE{2015ApJ...803...71S,
   author = {{Shu}, Y. and {Bolton}, A.~S. and {Brownstein}, J.~R. and {Montero-Dorta}, A.~D. and
	{Koopmans}, L.~V.~E. and {Treu}, T. and {Gavazzi}, R. and {Auger}, M.~W. and
	{Czoske}, O. and {Marshall}, P.~J. and {Moustakas}, L.~A.},
    title = "{The Sloan Lens ACS Survey. XII. Extending Strong Lensing to Lower Masses}",
  journal = {\apj},
archivePrefix = "arXiv",
   eprint = {1407.2240},
 keywords = {dark matter, galaxies: evolution, gravitational lensing: strong, methods: statistical, techniques: image processing},
     year = 2015,
    month = apr,
   volume = 803,
      eid = {71},
    pages = {71},
      doi = {10.1088/0004-637X/803/2/71},
   adsurl = {http://adsabs.harvard.edu/abs/2015ApJ...803...71S},
  adsnote = {Provided by the SAO/NASA Astrophysics Data System}
}

@ARTICLE{2014A&A...566A.149G,
   author = {{Guennou}, L. and {Biviano}, A. and {Adami}, C. and {Limousin}, M. and
	{Lima Neto}, G.~B. and {Mamon}, G.~A. and {Ulmer}, M.~P. and
	{Gavazzi}, R. and {Cypriano}, E.~S. and {Durret}, F. and {Clowe}, D. and
	{LeBrun}, V. and {Allam}, S. and {Basa}, S. and {Benoist}, C. and
	{Cappi}, A. and {Halliday}, C. and {Ilbert}, O. and {Johnston}, D. and
	{Jullo}, E. and {Just}, D. and {Kubo}, J.~M. and {M{\'a}rquez}, I. and
	{Marshall}, P. and {Martinet}, N. and {Maurogordato}, S. and
	{Mazure}, A. and {Murphy}, K.~J. and {Plana}, H. and {Rostagni}, F. and
	{Russeil}, D. and {Schirmer}, M. and {Schrabback}, T. and {Slezak}, E. and
	{Tucker}, D. and {Zaritsky}, D. and {Ziegler}, B.},
    title = "{Mass profile and dynamical status of the z \~{} 0.8 galaxy cluster LCDCS 0504}",
  journal = {\aap},
archivePrefix = "arXiv",
   eprint = {1403.3614},
 keywords = {galaxies: clusters: general, galaxies: kinematics and dynamics},
     year = 2014,
    month = jun,
   volume = 566,
      eid = {A149},
    pages = {A149},
      doi = {10.1051/0004-6361/201322447},
   adsurl = {http://adsabs.harvard.edu/abs/2014A%26A...566A.149G},
  adsnote = {Provided by the SAO/NASA Astrophysics Data System}
}

@ARTICLE{2014ApJ...785..144G,
   author = {{Gavazzi}, R. and {Marshall}, P.~J. and {Treu}, T. and {Sonnenfeld}, A.
	},
    title = "{RINGFINDER: Automated Detection of Galaxy-scale Gravitational Lenses in Ground-based Multi-filter Imaging Data}",
  journal = {\apj},
archivePrefix = "arXiv",
   eprint = {1403.1041},
 keywords = {methods: data analysis, methods: statistical, galaxies: elliptical and lenticular, cD, gravitational lensing: strong, surveys, techniques: miscellaneous },
     year = 2014,
    month = apr,
   volume = 785,
      eid = {144},
    pages = {144},
      doi = {10.1088/0004-637X/785/2/144},
   adsurl = {http://adsabs.harvard.edu/abs/2014ApJ...785..144G},
  adsnote = {Provided by the SAO/NASA Astrophysics Data System}
}

@ARTICLE{2014ApJ...782L..14C,
   author = {{Cheung}, C.~C. and {Larsson}, S. and {Scargle}, J.~D. and {Amin}, M.~A. and
	{Blandford}, R.~D. and {Bulmash}, D. and {Chiang}, J. and {Ciprini}, S. and
	{Corbet}, R.~H.~D. and {Falco}, E.~E. and {Marshall}, P.~J. and
	{Wood}, D.~L. and {Ajello}, M. and {Bastieri}, D. and {Chekhtman}, A. and
	{D'Ammando}, F. and {Giroletti}, M. and {Grove}, J.~E. and {Lott}, B. and
	{Ojha}, R. and {Orienti}, M. and {Perkins}, J.~S. and {Razzano}, M. and
	{Smith}, A.~W. and {Thompson}, D.~J. and {Wood}, K.~S.},
    title = "{Fermi Large Area Telescope Detection of Gravitational Lens Delayed {$\gamma$}-Ray Flares from Blazar B0218+357}",
  journal = {\apjl},
archivePrefix = "arXiv",
   eprint = {1401.0548},
 primaryClass = "astro-ph.HE",
 keywords = {galaxies: active, gamma rays: galaxies, gravitational lensing: strong, quasars: individual: B0218+357},
     year = 2014,
    month = feb,
   volume = 782,
      eid = {L14},
    pages = {L14},
      doi = {10.1088/2041-8205/782/2/L14},
   adsurl = {http://adsabs.harvard.edu/abs/2014ApJ...782L..14C},
  adsnote = {Provided by the SAO/NASA Astrophysics Data System}
}

@ARTICLE{2014MNRAS.437.1950B,
   author = {{Brewer}, B.~J. and {Marshall}, P.~J. and {Auger}, M.~W. and
	{Treu}, T. and {Dutton}, A.~A. and {Barnab{\`e}}, M.},
    title = "{The SWELLS survey - VI. Hierarchical inference of the initial mass functions of bulges and discs}",
  journal = {\mnras},
archivePrefix = "arXiv",
   eprint = {1310.5177},
 primaryClass = "astro-ph.IM",
 keywords = {methods: statistical, galaxies: fundamental parameters, galaxies: spiral},
     year = 2014,
    month = jan,
   volume = 437,
    pages = {1950-1961},
      doi = {10.1093/mnras/stt2026},
   adsurl = {http://adsabs.harvard.edu/abs/2014MNRAS.437.1950B},
  adsnote = {Provided by the SAO/NASA Astrophysics Data System}
}

@ARTICLE{2013arXiv1310.4830D,
   author = {{Dobler}, G. and {Fassnacht}, C. and {Treu}, T. and {Marshall}, P.~J. and
	{Liao}, K. and {Hojjati}, A. and {Linder}, E. and {Rumbaugh}, N.
	},
    title = "{Strong Lens Time Delay Challenge: I. Experimental Design}",
  journal = {ArXiv e-prints},
archivePrefix = "arXiv",
   eprint = {1310.4830},
 primaryClass = "astro-ph.IM",
 keywords = {Astrophysics - Instrumentation and Methods for Astrophysics, Astrophysics - Cosmology and Nongalactic Astrophysics},
     year = 2013,
    month = oct,
   adsurl = {http://adsabs.harvard.edu/abs/2013arXiv1310.4830D},
  adsnote = {Provided by the SAO/NASA Astrophysics Data System}
}

@ARTICLE{2014ApJ...788L..35S,
   author = {{Suyu}, S.~H. and {Treu}, T. and {Hilbert}, S. and {Sonnenfeld}, A. and
	{Auger}, M.~W. and {Blandford}, R.~D. and {Collett}, T. and
	{Courbin}, F. and {Fassnacht}, C.~D. and {Koopmans}, L.~V.~E. and
	{Marshall}, P.~J. and {Meylan}, G. and {Spiniello}, C. and {Tewes}, M.
	},
    title = "{Cosmology from Gravitational Lens Time Delays and Planck Data}",
  journal = {\apjl},
archivePrefix = "arXiv",
   eprint = {1306.4732},
 keywords = {distance scale, galaxies: individual: RXJ1131-1231, gravitational lensing: strong, methods: data analysis},
     year = 2014,
    month = jun,
   volume = 788,
      eid = {L35},
    pages = {L35},
      doi = {10.1088/2041-8205/788/2/L35},
   adsurl = {http://adsabs.harvard.edu/abs/2014ApJ...788L..35S},
  adsnote = {Provided by the SAO/NASA Astrophysics Data System}
}

@ARTICLE{2013ApJ...777...98S,
   author = {{Sonnenfeld}, A. and {Treu}, T. and {Gavazzi}, R. and {Suyu}, S.~H. and
	{Marshall}, P.~J. and {Auger}, M.~W. and {Nipoti}, C.},
    title = "{The SL2S Galaxy-scale Lens Sample. IV. The Dependence of the Total Mass Density Profile of Early-type Galaxies on Redshift, Stellar Mass, and Size}",
  journal = {\apj},
archivePrefix = "arXiv",
   eprint = {1307.4759},
 keywords = {galaxies: elliptical and lenticular, cD, galaxies: evolution, gravitational lensing: strong},
     year = 2013,
    month = nov,
   volume = 777,
      eid = {98},
    pages = {98},
      doi = {10.1088/0004-637X/777/2/98},
   adsurl = {http://adsabs.harvard.edu/abs/2013ApJ...777...98S},
  adsnote = {Provided by the SAO/NASA Astrophysics Data System}
}

@ARTICLE{2013ApJ...777...97S,
   author = {{Sonnenfeld}, A. and {Gavazzi}, R. and {Suyu}, S.~H. and {Treu}, T. and
	{Marshall}, P.~J.},
    title = "{The SL2S Galaxy-scale Lens Sample. III. Lens Models, Surface Photometry, and Stellar Masses for the Final Sample}",
  journal = {\apj},
archivePrefix = "arXiv",
   eprint = {1307.4764},
 keywords = {galaxies: elliptical and lenticular, cD, gravitational lensing: strong},
     year = 2013,
    month = nov,
   volume = 777,
      eid = {97},
    pages = {97},
      doi = {10.1088/0004-637X/777/2/97},
   adsurl = {http://adsabs.harvard.edu/abs/2013ApJ...777...97S},
  adsnote = {Provided by the SAO/NASA Astrophysics Data System}
}

@ARTICLE{2013MNRAS.434.3322D,
   author = {{Deane}, R.~P. and {Rawlings}, S. and {Garrett}, M.~A. and {Heywood}, I. and
	{Jarvis}, M.~J. and {Kl{\"o}ckner}, H.-R. and {Marshall}, P.~J. and
	{McKean}, J.~P.},
    title = "{The preferentially magnified active nucleus in IRAS F10214+4724 - III. VLBI observations of the radio core}",
  journal = {\mnras},
archivePrefix = "arXiv",
   eprint = {1307.6566},
 keywords = {gravitational lensing: strong, galaxies: active, galaxies: individual: IRAS F10214+4724},
     year = 2013,
    month = oct,
   volume = 434,
    pages = {3322-3336},
      doi = {10.1093/mnras/stt1241},
   adsurl = {http://adsabs.harvard.edu/abs/2013MNRAS.434.3322D},
  adsnote = {Provided by the SAO/NASA Astrophysics Data System}
}

@ARTICLE{2013MNRAS.433.1517H,
   author = {{Harvey}, D. and {Massey}, R. and {Kitching}, T. and {Taylor}, A. and
	{Jullo}, E. and {Kneib}, J.-P. and {Tittley}, E. and {Marshall}, P.~J.
	},
    title = "{Dark matter astrometry: accuracy of subhalo positions for the measurement of self-interaction cross-sections}",
  journal = {\mnras},
archivePrefix = "arXiv",
   eprint = {1305.2117},
 primaryClass = "astro-ph.CO",
 keywords = {gravitational lensing: weak, cosmological parameters, dark matter, galaxies: clusters general},
     year = 2013,
    month = aug,
   volume = 433,
    pages = {1517-1528},
      doi = {10.1093/mnras/stt819},
   adsurl = {http://adsabs.harvard.edu/abs/2013MNRAS.433.1517H},
  adsnote = {Provided by the SAO/NASA Astrophysics Data System}
}

@ARTICLE{2013MNRAS.434...23D,
   author = {{Deane}, R.~P. and {Heywood}, I. and {Rawlings}, S. and {Marshall}, P.~J.
	},
    title = "{The preferentially magnified active nucleus in IRAS F10214+4724 - II. Spatially resolved cold molecular gas}",
  journal = {\mnras},
archivePrefix = "arXiv",
   eprint = {1307.6565},
 keywords = {gravitational lensing: strong, galaxies: evolution, galaxies: high-redshift, galaxies: individual: IRAS F10214+4724, galaxies: ISM},
     year = 2013,
    month = sep,
   volume = 434,
    pages = {23-37},
      doi = {10.1093/mnras/stt957},
   adsurl = {http://adsabs.harvard.edu/abs/2013MNRAS.434...23D},
  adsnote = {Provided by the SAO/NASA Astrophysics Data System}
}

@ARTICLE{2013MNRAS.432..679C,
   author = {{Collett}, T.~E. and {Marshall}, P.~J. and {Auger}, M.~W. and
	{Hilbert}, S. and {Suyu}, S.~H. and {Greene}, Z. and {Treu}, T. and
	{Fassnacht}, C.~D. and {Koopmans}, L.~V.~E. and {Brada{\v c}}, M. and
	{Blandford}, R.~D.},
    title = "{Reconstructing the lensing mass in the Universe from photometric catalogue data}",
  journal = {\mnras},
archivePrefix = "arXiv",
   eprint = {1303.6564},
 keywords = {gravitational lensing: weak, methods: statistical, galaxies: haloes, galaxies: luminosity function, mass function, cosmology: observations},
     year = 2013,
    month = jun,
   volume = 432,
    pages = {679-692},
      doi = {10.1093/mnras/stt504},
   adsurl = {http://adsabs.harvard.edu/abs/2013MNRAS.432..679C},
  adsnote = {Provided by the SAO/NASA Astrophysics Data System}
}

@ARTICLE{2013ApJ...768...39G,
   author = {{Greene}, Z.~S. and {Suyu}, S.~H. and {Treu}, T. and {Hilbert}, S. and
	{Auger}, M.~W. and {Collett}, T.~E. and {Marshall}, P.~J. and
	{Fassnacht}, C.~D. and {Blandford}, R.~D. and {Brada{\v c}}, M. and
	{Koopmans}, L.~V.~E.},
    title = "{Improving the Precision of Time-delay Cosmography with Observations of Galaxies along the Line of Sight}",
  journal = {\apj},
archivePrefix = "arXiv",
   eprint = {1303.3588},
 keywords = {distance scale, galaxies: individual: B1608+656, gravitational lensing: strong, methods: data analysis },
     year = 2013,
    month = may,
   volume = 768,
      eid = {39},
    pages = {39},
      doi = {10.1088/0004-637X/768/1/39},
   adsurl = {http://adsabs.harvard.edu/abs/2013ApJ...768...39G},
  adsnote = {Provided by the SAO/NASA Astrophysics Data System}
}

@ARTICLE{2013ApJ...766...70S,
   author = {{Suyu}, S.~H. and {Auger}, M.~W. and {Hilbert}, S. and {Marshall}, P.~J. and
	{Tewes}, M. and {Treu}, T. and {Fassnacht}, C.~D. and {Koopmans}, L.~V.~E. and
	{Sluse}, D. and {Blandford}, R.~D. and {Courbin}, F. and {Meylan}, G.
	},
    title = "{Two Accurate Time-delay Distances from Strong Lensing: Implications for Cosmology}",
  journal = {\apj},
archivePrefix = "arXiv",
   eprint = {1208.6010},
 keywords = {distance scale, galaxies: individual: RXJ1131{\ndash}1231, gravitational lensing: strong, methods: data analysis},
     year = 2013,
    month = apr,
   volume = 766,
      eid = {70},
    pages = {70},
      doi = {10.1088/0004-637X/766/2/70},
   adsurl = {http://adsabs.harvard.edu/abs/2013ApJ...766...70S},
  adsnote = {Provided by the SAO/NASA Astrophysics Data System}
}

@ARTICLE{2013MNRAS.430....2D,
   author = {{Deane}, R.~P. and {Rawlings}, S. and {Marshall}, P.~J. and
	{Heywood}, I. and {Kl{\"o}ckner}, H.-R. and {Grainge}, K. and
	{Mauch}, T. and {Serjeant}, S.},
    title = "{The preferentially magnified active nucleus in IRAS F10214+4724 - I. Lens model and spatially resolved radio emission}",
  journal = {\mnras},
archivePrefix = "arXiv",
   eprint = {1307.6564},
 primaryClass = "astro-ph.CO",
 keywords = {gravitational lensing: strong, galaxies: evolution, galaxies: high-redshift, galaxies: individual: IRAS FSC10214+4724},
     year = 2013,
    month = mar,
   volume = 430,
    pages = {2-21},
      doi = {10.1093/mnras/sts520},
   adsurl = {http://adsabs.harvard.edu/abs/2013MNRAS.430....2D},
  adsnote = {Provided by the SAO/NASA Astrophysics Data System}
}

@ARTICLE{2013MNRAS.428.3183D,
   author = {{Dutton}, A.~A. and {Treu}, T. and {Brewer}, B.~J. and {Marshall}, P.~J. and
	{Auger}, M.~W. and {Barnab{\`e}}, M. and {Koo}, D.~C. and {Bolton}, A.~S. and
	{Koopmans}, L.~V.~E.},
    title = "{The SWELLS survey - V. A Salpeter stellar initial mass function in the bulges of massive spiral galaxies}",
  journal = {\mnras},
archivePrefix = "arXiv",
   eprint = {1206.4310},
 keywords = {stars: luminosity function, mass function, galaxies: bulges, galaxies: kinematics and dynamics, galaxies: spiral, dark matter},
     year = 2013,
    month = feb,
   volume = 428,
    pages = {3183-3195},
      doi = {10.1093/mnras/sts262},
   adsurl = {http://adsabs.harvard.edu/abs/2013MNRAS.428.3183D},
  adsnote = {Provided by the SAO/NASA Astrophysics Data System}
}

@ARTICLE{2013MNRAS.428.2695C,
   author = {{Chang}, C. and {Kahn}, S.~M. and {Jernigan}, J.~G. and {Peterson}, J.~R. and
	{AlSayyad}, Y. and {Ahmad}, Z. and {Bankert}, J. and {Bard}, D. and
	{Connolly}, A. and {Gibson}, R.~R. and {Gilmore}, K. and {Grace}, E. and
	{Hannel}, M. and {Hodge}, M.~A. and {Jee}, M.~J. and {Jones}, L. and
	{Krughoff}, S. and {Lorenz}, S. and {Marshall}, P.~J. and {Marshall}, S. and
	{Meert}, A. and {Nagarajan}, S. and {Peng}, E. and {Rasmussen}, A.~P. and
	{Shmakova}, M. and {Sylvestre}, N. and {Todd}, N. and {Young}, M.
	},
    title = "{Spurious shear in weak lensing with the Large Synoptic Survey Telescope}",
  journal = {\mnras},
archivePrefix = "arXiv",
   eprint = {1206.1378},
 keywords = {gravitational lensing: weak, atmospheric effects, methods: statistical, telescopes, surveys, cosmology: observations},
     year = 2013,
    month = jan,
   volume = 428,
    pages = {2695-2713},
      doi = {10.1093/mnras/sts223},
   adsurl = {http://adsabs.harvard.edu/abs/2013MNRAS.428.2695C},
  adsnote = {Provided by the SAO/NASA Astrophysics Data System}
}

@ARTICLE{2012MNRAS.427.2572C,
   author = {{Chang}, C. and {Marshall}, P.~J. and {Jernigan}, J.~G. and
	{Peterson}, J.~R. and {Kahn}, S.~M. and {Gull}, S.~F. and {AlSayyad}, Y. and
	{Ahmad}, Z. and {Bankert}, J. and {Bard}, D. and {Connolly}, A. and
	{Gibson}, R.~R. and {Gilmore}, K. and {Grace}, E. and {Hannel}, M. and
	{Hodge}, M.~A. and {Jones}, L. and {Krughoff}, S. and {Lorenz}, S. and
	{Marshall}, S. and {Meert}, A. and {Nagarajan}, S. and {Peng}, E. and
	{Rasmussen}, A.~P. and {Shmakova}, M. and {Sylvestre}, N. and
	{Todd}, N. and {Young}, M.},
    title = "{Atmospheric point spread function interpolation for weak lensing in short exposure imaging data}",
  journal = {\mnras},
archivePrefix = "arXiv",
   eprint = {1206.1383},
 primaryClass = "astro-ph.IM",
 keywords = {gravitational lensing: weak, atmospheric effects, methods: data analysis, techniques: image processing, surveys, cosmology: observations},
     year = 2012,
    month = dec,
   volume = 427,
    pages = {2572-2587},
      doi = {10.1111/j.1365-2966.2012.22134.x},
   adsurl = {http://adsabs.harvard.edu/abs/2012MNRAS.427.2572C},
  adsnote = {Provided by the SAO/NASA Astrophysics Data System}
}

@ARTICLE{2012ApJ...748L..23H,
   author = {{Hamilton-Morris}, V. and {Smith}, G.~P. and {Edge}, A.~C. and
	{Egami}, E. and {Haines}, C.~P. and {Marshall}, P.~J. and {Sanderson}, A.~J.~R. and
	{Targett}, T.~A.},
    title = "{A Weak-lensing and Near-infrared Study of A3192: Disassembling a Richness Class 3 Abell Cluster}",
  journal = {\apjl},
 keywords = {cosmology: observations, galaxies: clusters: individual: A3192 RXC J0358.8-2955, galaxies: evolution, gravitational lensing: strong, gravitational lensing: weak},
     year = 2012,
    month = apr,
   volume = 748,
      eid = {L23},
    pages = {L23},
      doi = {10.1088/2041-8205/748/2/L23},
   adsurl = {http://adsabs.harvard.edu/abs/2012ApJ...748L..23H},
  adsnote = {Provided by the SAO/NASA Astrophysics Data System}
}

@ARTICLE{2012ApJ...761..170G,
   author = {{Gavazzi}, R. and {Treu}, T. and {Marshall}, P.~J. and {Brault}, F. and
	{Ruff}, A.},
    title = "{The SL2S Galaxy-scale Gravitational Lens Sample. I. The Alignment of Mass and Light in Massive Early-type Galaxies at z = 0.2-0.9}",
  journal = {\apj},
archivePrefix = "arXiv",
   eprint = {1202.3852},
 keywords = {galaxies: fundamental parameters, gravitational lensing: strong },
     year = 2012,
    month = dec,
   volume = 761,
      eid = {170},
    pages = {170},
      doi = {10.1088/0004-637X/761/2/170},
   adsurl = {http://adsabs.harvard.edu/abs/2012ApJ...761..170G},
  adsnote = {Provided by the SAO/NASA Astrophysics Data System}
}

@ARTICLE{2012AmJPh..80..753T,
   author = {{Treu}, T. and {Marshall}, P.~J. and {Clowe}, D.},
    title = "{Resource Letter GL-1: Gravitational Lensing}",
  journal = {American Journal of Physics},
archivePrefix = "arXiv",
   eprint = {1206.0791},
 keywords = {cosmology, gravitational lenses, physics education, Surveys and tutorial papers, resource letters, Stellar systems, interstellar medium, galactic and extragalactic objects and systems, the Universe},
     year = 2012,
    month = sep,
   volume = 80,
    pages = {753-763},
      doi = {10.1119/1.4726204},
   adsurl = {http://adsabs.harvard.edu/abs/2012AmJPh..80..753T},
  adsnote = {Provided by the SAO/NASA Astrophysics Data System}
}

@ARTICLE{2012MNRAS.424.2864C,
   author = {{Collett}, T.~E. and {Auger}, M.~W. and {Belokurov}, V. and
	{Marshall}, P.~J. and {Hall}, A.~C.},
    title = "{Constraining the dark energy equation of state with double-source plane strong lenses}",
  journal = {\mnras},
archivePrefix = "arXiv",
   eprint = {1203.2758},
 keywords = {gravitational lensing: strong, cosmological parameters, dark energy },
     year = 2012,
    month = aug,
   volume = 424,
    pages = {2864-2875},
      doi = {10.1111/j.1365-2966.2012.21424.x},
   adsurl = {http://adsabs.harvard.edu/abs/2012MNRAS.424.2864C},
  adsnote = {Provided by the SAO/NASA Astrophysics Data System}
}

@ARTICLE{2012MNRAS.423.1073B,
   author = {{Barnab{\`e}}, M. and {Dutton}, A.~A. and {Marshall}, P.~J. and
	{Auger}, M.~W. and {Brewer}, B.~J. and {Treu}, T. and {Bolton}, A.~S. and
	{Koo}, D.~C. and {Koopmans}, L.~V.~E.},
    title = "{The SWELLS survey - IV. Precision measurements of the stellar and dark matter distributions in a spiral lens galaxy}",
  journal = {\mnras},
archivePrefix = "arXiv",
   eprint = {1201.1692},
 keywords = {gravitational lensing: strong, galaxies: fundamental parameters, galaxies: haloes, galaxies: kinematics and dynamics, galaxies: spiral, galaxies: structure},
     year = 2012,
    month = jun,
   volume = 423,
    pages = {1073-1088},
      doi = {10.1111/j.1365-2966.2012.20934.x},
   adsurl = {http://adsabs.harvard.edu/abs/2012MNRAS.423.1073B},
  adsnote = {Provided by the SAO/NASA Astrophysics Data System}
}

@ARTICLE{2012MNRAS.422.3574B,
   author = {{Brewer}, B.~J. and {Dutton}, A.~A. and {Treu}, T. and {Auger}, M.~W. and
	{Marshall}, P.~J. and {Barnab{\`e}}, M. and {Bolton}, A.~S. and
	{Koo}, D.~C. and {Koopmans}, L.~V.~E.},
    title = "{The SWELLS survey - III. Disfavouring 'heavy' initial mass functions for spiral lens galaxies}",
  journal = {\mnras},
archivePrefix = "arXiv",
   eprint = {1201.1677},
 keywords = {gravitational lensing: strong, stars: luminosity function, mass function, galaxies: fundamental parameters, galaxies: spiral},
     year = 2012,
    month = jun,
   volume = 422,
    pages = {3574-3590},
      doi = {10.1111/j.1365-2966.2012.20870.x},
   adsurl = {http://adsabs.harvard.edu/abs/2012MNRAS.422.3574B},
  adsnote = {Provided by the SAO/NASA Astrophysics Data System}
}

@ARTICLE{2012ApJ...752..163S,
   author = {{Sonnenfeld}, A. and {Treu}, T. and {Gavazzi}, R. and {Marshall}, P.~J. and
	{Auger}, M.~W. and {Suyu}, S.~H. and {Koopmans}, L.~V.~E. and
	{Bolton}, A.~S.},
    title = "{Evidence for Dark Matter Contraction and a Salpeter Initial Mass Function in a Massive Early-type Galaxy}",
  journal = {\apj},
archivePrefix = "arXiv",
   eprint = {1111.4215},
 keywords = {dark matter, galaxies: elliptical and lenticular, cD, galaxies: structure, gravitational lensing: strong},
     year = 2012,
    month = jun,
   volume = 752,
      eid = {163},
    pages = {163},
      doi = {10.1088/0004-637X/752/2/163},
   adsurl = {http://adsabs.harvard.edu/abs/2012ApJ...752..163S},
  adsnote = {Provided by the SAO/NASA Astrophysics Data System}
}

@ARTICLE{2012MNRAS.419.2921A,
   author = {{AMI Consortium} and {Hurley-Walker}, N. and {Bridle}, S. and
	{Cypriano}, E.~S. and {Davies}, M.~L. and {Erben}, T. and {Feroz}, F. and
	{Franzen}, T.~M.~O. and {Grainge}, K. and {Hobson}, M.~P. and
	{Lasenby}, A. and {Marshall}, P.~J. and {Olamaie}, M. and {Pooley}, G. and
	{Rodr{\'{\i}}guez-Gonz{\'a}lvez}, C. and {Saunders}, R.~D.~E. and
	{Scaife}, A.~M.~M. and {Schammel}, M.~P. and {Scott}, P.~F. and
	{Shimwell}, T. and {Titterington}, D. and {Waldram}, E. and
	{Zwart}, J.~T.~L.},
    title = "{Bayesian analysis of weak gravitational lensing and Sunyaev-Zel'dovich data for six galaxy clusters}",
  journal = {\mnras},
archivePrefix = "arXiv",
   eprint = {1101.5912},
 keywords = {gravitational lensing: weak, radiation mechanisms: non-thermal, cosmic background radiation, cosmology: observations, galaxies: clusters: general},
     year = 2012,
    month = feb,
   volume = 419,
    pages = {2921-2942},
      doi = {10.1111/j.1365-2966.2011.19937.x},
   adsurl = {http://adsabs.harvard.edu/abs/2012MNRAS.419.2921A},
  adsnote = {Provided by the SAO/NASA Astrophysics Data System}
}

@ARTICLE{2011MNRAS.417.1601T,
   author = {{Treu}, T. and {Dutton}, A.~A. and {Auger}, M.~W. and {Marshall}, P.~J. and
	{Bolton}, A.~S. and {Brewer}, B.~J. and {Koo}, D.~C. and {Koopmans}, L.~V.~E.
	},
    title = "{The SWELLS survey - I. A large spectroscopically selected sample of edge-on late-type lens galaxies}",
  journal = {\mnras},
archivePrefix = "arXiv",
   eprint = {1104.5663},
 keywords = {gravitational lensing: strong, galaxies: fundamental parameters, galaxies: haloes, galaxies: spiral, galaxies: structure},
     year = 2011,
    month = nov,
   volume = 417,
    pages = {1601-1620},
      doi = {10.1111/j.1365-2966.2011.19378.x},
   adsurl = {http://adsabs.harvard.edu/abs/2011MNRAS.417.1601T},
  adsnote = {Provided by the SAO/NASA Astrophysics Data System}
}

@ARTICLE{2011ApJ...734..104N,
   author = {{Newton}, E.~R. and {Marshall}, P.~J. and {Treu}, T. and {Auger}, M.~W. and
	{Gavazzi}, R. and {Bolton}, A.~S. and {Koopmans}, L.~V.~E. and
	{Moustakas}, L.~A.},
    title = "{The Sloan Lens ACS Survey. XI. Beyond Hubble Resolution: Size, Luminosity, and Stellar Mass of Compact Lensed Galaxies at Intermediate Redshift}",
  journal = {\apj},
archivePrefix = "arXiv",
   eprint = {1104.2608},
 keywords = {galaxies: evolution, galaxies: fundamental parameters, gravitational lensing: strong},
     year = 2011,
    month = jun,
   volume = 734,
      eid = {104},
    pages = {104},
      doi = {10.1088/0004-637X/734/2/104},
   adsurl = {http://adsabs.harvard.edu/abs/2011ApJ...734..104N},
  adsnote = {Provided by the SAO/NASA Astrophysics Data System}
}

@ARTICLE{2011MNRAS.417.1621D,
   author = {{Dutton}, A.~A. and {Brewer}, B.~J. and {Marshall}, P.~J. and
	{Auger}, M.~W. and {Treu}, T. and {Koo}, D.~C. and {Bolton}, A.~S. and
	{Holden}, B.~P. and {Koopmans}, L.~V.~E.},
    title = "{The SWELLS survey - II. Breaking the disc-halo degeneracy in the spiral galaxy gravitational lens SDSS J2141-0001}",
  journal = {\mnras},
archivePrefix = "arXiv",
   eprint = {1101.1622},
 keywords = {gravitational lensing: strong, galaxies: fundamental parameters, galaxies: haloes, galaxies: kinematics and dynamics, galaxies: spiral, galaxies: structure},
     year = 2011,
    month = nov,
   volume = 417,
    pages = {1621-1642},
      doi = {10.1111/j.1365-2966.2011.18706.x},
   adsurl = {http://adsabs.harvard.edu/abs/2011MNRAS.417.1621D},
  adsnote = {Provided by the SAO/NASA Astrophysics Data System}
}

@ARTICLE{2011MNRAS.411L...6A,
   author = {{Auger}, M.~W. and {Treu}, T. and {Brewer}, B.~J. and {Marshall}, P.~J.
	},
    title = "{A compact early-type galaxy at z= 0.6 under a magnifying lens: evidence for inside-out growth}",
  journal = {\mnras},
archivePrefix = "arXiv",
   eprint = {1011.0993},
 keywords = {galaxies: elliptical and lenticular, cD},
     year = 2011,
    month = feb,
   volume = 411,
    pages = {L6-L10},
      doi = {10.1111/j.1745-3933.2010.00980.x},
   adsurl = {http://adsabs.harvard.edu/abs/2011MNRAS.411L...6A},
  adsnote = {Provided by the SAO/NASA Astrophysics Data System}
}

@ARTICLE{2011ApJ...727...96R,
   author = {{Ruff}, A.~J. and {Gavazzi}, R. and {Marshall}, P.~J. and {Treu}, T. and
	{Auger}, M.~W. and {Brault}, F.},
    title = "{The SL2S Galaxy-scale Lens Sample. II. Cosmic Evolution of Dark and Luminous Mass in Early-type Galaxies}",
  journal = {\apj},
archivePrefix = "arXiv",
   eprint = {1008.3167},
 primaryClass = "astro-ph.CO",
 keywords = {dark matter, galaxies: elliptical and lenticular, cD, galaxies: evolution, galaxies: fundamental parameters, galaxies: structure, gravitational lensing: strong},
     year = 2011,
    month = feb,
   volume = 727,
      eid = {96},
    pages = {96},
      doi = {10.1088/0004-637X/727/2/96},
   adsurl = {http://adsabs.harvard.edu/abs/2011ApJ...727...96R},
  adsnote = {Provided by the SAO/NASA Astrophysics Data System}
}

@ARTICLE{2015ApJ...800...94S,
   author = {{Sonnenfeld}, A. and {Treu}, T. and {Marshall}, P.~J. and {Suyu}, S.~H. and
	{Gavazzi}, R. and {Auger}, M.~W. and {Nipoti}, C.},
    title = "{The SL2S Galaxy-scale Lens Sample. V. Dark Matter Halos and Stellar IMF of Massive Early-type Galaxies Out to Redshift 0.8}",
  journal = {\apj},
archivePrefix = "arXiv",
   eprint = {1410.1881},
 keywords = {galaxies: elliptical and lenticular, cD, galaxies: evolution, gravitational lensing: strong },
     year = 2015,
    month = feb,
   volume = 800,
      eid = {94},
    pages = {94},
      doi = {10.1088/0004-637X/800/2/94},
   adsurl = {http://adsabs.harvard.edu/abs/2015ApJ...800...94S},
  adsnote = {Provided by the SAO/NASA Astrophysics Data System}
}

@ARTICLE{2014MNRAS.437.1950B,
   author = {{Brewer}, B.~J. and {Marshall}, P.~J. and {Auger}, M.~W. and
	{Treu}, T. and {Dutton}, A.~A. and {Barnab{\`e}}, M.},
    title = "{The SWELLS survey - VI. Hierarchical inference of the initial mass functions of bulges and discs}",
  journal = {\mnras},
archivePrefix = "arXiv",
   eprint = {1310.5177},
 primaryClass = "astro-ph.IM",
 keywords = {methods: statistical, galaxies: fundamental parameters, galaxies: spiral},
     year = 2014,
    month = jan,
   volume = 437,
    pages = {1950-1961},
      doi = {10.1093/mnras/stt2026},
   adsurl = {http://adsabs.harvard.edu/abs/2014MNRAS.437.1950B},
  adsnote = {Provided by the SAO/NASA Astrophysics Data System}
}

@ARTICLE{2014ApJ...788L..35S,
   author = {{Suyu}, S.~H. and {Treu}, T. and {Hilbert}, S. and {Sonnenfeld}, A. and
	{Auger}, M.~W. and {Blandford}, R.~D. and {Collett}, T. and
	{Courbin}, F. and {Fassnacht}, C.~D. and {Koopmans}, L.~V.~E. and
	{Marshall}, P.~J. and {Meylan}, G. and {Spiniello}, C. and {Tewes}, M.
	},
    title = "{Cosmology from Gravitational Lens Time Delays and Planck Data}",
  journal = {\apjl},
archivePrefix = "arXiv",
   eprint = {1306.4732},
 keywords = {distance scale, galaxies: individual: RXJ1131-1231, gravitational lensing: strong, methods: data analysis},
     year = 2014,
    month = jun,
   volume = 788,
      eid = {L35},
    pages = {L35},
      doi = {10.1088/2041-8205/788/2/L35},
   adsurl = {http://adsabs.harvard.edu/abs/2014ApJ...788L..35S},
  adsnote = {Provided by the SAO/NASA Astrophysics Data System}
}

@ARTICLE{2013MNRAS.432..679C,
   author = {{Collett}, T.~E. and {Marshall}, P.~J. and {Auger}, M.~W. and
	{Hilbert}, S. and {Suyu}, S.~H. and {Greene}, Z. and {Treu}, T. and
	{Fassnacht}, C.~D. and {Koopmans}, L.~V.~E. and {Brada{\v c}}, M. and
	{Blandford}, R.~D.},
    title = "{Reconstructing the lensing mass in the Universe from photometric catalogue data}",
  journal = {\mnras},
archivePrefix = "arXiv",
   eprint = {1303.6564},
 keywords = {gravitational lensing: weak, methods: statistical, galaxies: haloes, galaxies: luminosity function, mass function, cosmology: observations},
     year = 2013,
    month = jun,
   volume = 432,
    pages = {679-692},
      doi = {10.1093/mnras/stt504},
   adsurl = {http://adsabs.harvard.edu/abs/2013MNRAS.432..679C},
  adsnote = {Provided by the SAO/NASA Astrophysics Data System}
}

@ARTICLE{2012MNRAS.427.2572C,
   author = {{Chang}, C. and {Marshall}, P.~J. and {Jernigan}, J.~G. and
	{Peterson}, J.~R. and {Kahn}, S.~M. and {Gull}, S.~F. and {AlSayyad}, Y. and
	{Ahmad}, Z. and {Bankert}, J. and {Bard}, D. and {Connolly}, A. and
	{Gibson}, R.~R. and {Gilmore}, K. and {Grace}, E. and {Hannel}, M. and
	{Hodge}, M.~A. and {Jones}, L. and {Krughoff}, S. and {Lorenz}, S. and
	{Marshall}, S. and {Meert}, A. and {Nagarajan}, S. and {Peng}, E. and
	{Rasmussen}, A.~P. and {Shmakova}, M. and {Sylvestre}, N. and
	{Todd}, N. and {Young}, M.},
    title = "{Atmospheric point spread function interpolation for weak lensing in short exposure imaging data}",
  journal = {\mnras},
archivePrefix = "arXiv",
   eprint = {1206.1383},
 primaryClass = "astro-ph.IM",
 keywords = {gravitational lensing: weak, atmospheric effects, methods: data analysis, techniques: image processing, surveys, cosmology: observations},
     year = 2012,
    month = dec,
   volume = 427,
    pages = {2572-2587},
      doi = {10.1111/j.1365-2966.2012.22134.x},
   adsurl = {http://adsabs.harvard.edu/abs/2012MNRAS.427.2572C},
  adsnote = {Provided by the SAO/NASA Astrophysics Data System}
}

@ARTICLE{2009ApJ...706.1078N,
   author = {{Newman}, A.~B. and {Treu}, T. and {Ellis}, R.~S. and {Sand}, D.~J. and
	{Richard}, J. and {Marshall}, P.~J. and {Capak}, P. and {Miyazaki}, S.
	},
    title = "{The Distribution of Dark Matter Over Three Decades in Radius in the Lensing Cluster Abell 611}",
  journal = {\apj},
archivePrefix = "arXiv",
   eprint = {0909.3527},
 keywords = {dark matter, galaxies: clusters: individual: Abell 611, galaxies: elliptical and lenticular, cD, galaxies: formation, gravitational lensing},
     year = 2009,
    month = dec,
   volume = 706,
    pages = {1078-1094},
      doi = {10.1088/0004-637X/706/2/1078},
   adsurl = {http://adsabs.harvard.edu/abs/2009ApJ...706.1078N},
  adsnote = {Provided by the SAO/NASA Astrophysics Data System}
}

@ARTICLE{2009ApJ...691..277S,
   author = {{Suyu}, S.~H. and {Marshall}, P.~J. and {Blandford}, R.~D. and
	{Fassnacht}, C.~D. and {Koopmans}, L.~V.~E. and {McKean}, J.~P. and
	{Treu}, T.},
    title = "{Dissecting the Gravitational Lens B1608+656. I. Lens Potential Reconstruction}",
  journal = {\apj},
archivePrefix = "arXiv",
   eprint = {0804.2827},
 keywords = {black hole physics, galaxies: nuclei, gravitational waves, relativity},
     year = 2009,
    month = jan,
   volume = 691,
    pages = {277-298},
      doi = {10.1088/0004-637X/691/1/277},
   adsurl = {http://adsabs.harvard.edu/abs/2009ApJ...691..277S},
  adsnote = {Provided by the SAO/NASA Astrophysics Data System}
}

@ARTICLE{2007ApJ...671.1196M,
   author = {{Marshall}, P.~J. and {Treu}, T. and {Melbourne}, J. and {Gavazzi}, R. and
	{Bundy}, K. and {Ammons}, S.~M. and {Bolton}, A.~S. and {Burles}, S. and
	{Larkin}, J.~E. and {Le Mignant}, D. and {Koo}, D.~C. and {Koopmans}, L.~V.~E. and
	{Max}, C.~E. and {Moustakas}, L.~A. and {Steinbring}, E. and
	{Wright}, S.~A.},
    title = "{Superresolving Distant Galaxies with Gravitational Telescopes: Keck Laser Guide Star Adaptive Optics and Hubble Space Telescope Imaging of the Lens System SDSS J0737+3216}",
  journal = {\apj},
archivePrefix = "arXiv",
   eprint = {0710.0637},
 keywords = {Galaxies: Fundamental Parameters, Cosmology: Gravitational Lensing, Instrumentation: Adaptive Optics, Methods: Data Analysis, Techniques: High Anular Resolution},
     year = 2007,
    month = dec,
   volume = 671,
    pages = {1196-1211},
      doi = {10.1086/523091},
   adsurl = {http://adsabs.harvard.edu/abs/2007ApJ...671.1196M},
  adsnote = {Provided by the SAO/NASA Astrophysics Data System}
}

@ARTICLE{2007NJPh....9..447J,
   author = {{Jullo}, E. and {Kneib}, J.-P. and {Limousin}, M. and {El{\'{\i}}asd{\'o}ttir}, {\'A}. and
	{Marshall}, P.~J. and {Verdugo}, T.},
    title = "{A Bayesian approach to strong lensing modelling of galaxy clusters}",
  journal = {New Journal of Physics},
archivePrefix = "arXiv",
   eprint = {0706.0048},
     year = 2007,
    month = dec,
   volume = 9,
    pages = {447},
      doi = {10.1088/1367-2630/9/12/447},
   adsurl = {http://adsabs.harvard.edu/abs/2007NJPh....9..447J},
  adsnote = {Provided by the SAO/NASA Astrophysics Data System}
}

@ARTICLE{2006ApJ...652..937B,
   author = {{Brada{\v c}}, M. and {Clowe}, D. and {Gonzalez}, A.~H. and
	{Marshall}, P. and {Forman}, W. and {Jones}, C. and {Markevitch}, M. and
	{Randall}, S. and {Schrabback}, T. and {Zaritsky}, D.},
    title = "{Strong and Weak Lensing United. III. Measuring the Mass Distribution of the Merging Galaxy Cluster 1ES 0657-558}",
  journal = {\apj},
   eprint = {astro-ph/0608408},
 keywords = {Cosmology: Dark Matter, Galaxies: Clusters: General, galaxies: clusters: individual (1ES 0657-558), Cosmology: Gravitational Lensing},
     year = 2006,
    month = dec,
   volume = 652,
    pages = {937-947},
      doi = {10.1086/508601},
   adsurl = {http://adsabs.harvard.edu/abs/2006ApJ...652..937B},
  adsnote = {Provided by the SAO/NASA Astrophysics Data System}
}

@ARTICLE{2006MNRAS.371..983S,
   author = {{Suyu}, S.~H. and {Marshall}, P.~J. and {Hobson}, M.~P. and
	{Blandford}, R.~D.},
    title = "{A Bayesian analysis of regularized source inversions in gravitational lensing}",
  journal = {\mnras},
   eprint = {astro-ph/0601493},
 keywords = {gravitational lensing: methods: data analysis, gravitational lensing, methods: data analysis},
     year = 2006,
    month = sep,
   volume = 371,
    pages = {983-998},
      doi = {10.1111/j.1365-2966.2006.10733.x},
   adsurl = {http://adsabs.harvard.edu/abs/2006MNRAS.371..983S},
  adsnote = {Provided by the SAO/NASA Astrophysics Data System}
}

@ARTICLE{2002MNRAS.335.1037M,
   author = {{Marshall}, P.~J. and {Hobson}, M.~P. and {Gull}, S.~F. and
	{Bridle}, S.~L.},
    title = "{Maximum-entropy weak lens reconstruction: improved methods and application to data}",
  journal = {\mnras},
   eprint = {astro-ph/0112396},
 keywords = {gravitational lensing, methods: data analysis, galaxies: clusters: general, cosmology: theory, dark matter},
     year = 2002,
    month = oct,
   volume = 335,
    pages = {1037-1048},
      doi = {10.1046/j.1365-8711.2002.05685.x},
   adsurl = {http://adsabs.harvard.edu/abs/2002MNRAS.335.1037M},
  adsnote = {Provided by the SAO/NASA Astrophysics Data System}
}
