@ARTICLE{2016MNRAS.455.1191M,
   author = {{More}, A. and {Verma}, A. and {Marshall}, P.~J. and {More}, S. and
	{Baeten}, E. and {Wilcox}, J. and {Macmillan}, C. and {Cornen}, C. and
	{Kapadia}, A. and {Parrish}, M. and {Snyder}, C. and {Davis}, C.~P. and
	{Gavazzi}, R. and {Lintott}, C.~J. and {Simpson}, R. and {Miller}, D. and
	{Smith}, A.~M. and {Paget}, E. and {Saha}, P. and {K{\"u}ng}, R. and
	{Collett}, T.~E.},
    title = "{SPACE WARPS- II. New gravitational lens candidates from the CFHTLS discovered through citizen science}",
  journal = {\mnras},
archivePrefix = "arXiv",
   eprint = {1504.05587},
 keywords = {gravitational lensing: strong, methods: statistical},
     year = 2016,
    month = jan,
   volume = 455,
    pages = {1191-1210},
      doi = {10.1093/mnras/stv1965},
   adsurl = {http://adsabs.harvard.edu/abs/2016MNRAS.455.1191M},
  adsnote = {Provided by the SAO/NASA Astrophysics Data System}
}

@ARTICLE{2016MNRAS.455.1171M,
   author = {{Marshall}, P.~J. and {Verma}, A. and {More}, A. and {Davis}, C.~P. and
	{More}, S. and {Kapadia}, A. and {Parrish}, M. and {Snyder}, C. and
	{Wilcox}, J. and {Baeten}, E. and {Macmillan}, C. and {Cornen}, C. and
	{Baumer}, M. and {Simpson}, E. and {Lintott}, C.~J. and {Miller}, D. and
	{Paget}, E. and {Simpson}, R. and {Smith}, A.~M. and {K{\"u}ng}, R. and
	{Saha}, P. and {Collett}, T.~E.},
    title = "{SPACE WARPS - I. Crowdsourcing the discovery of gravitational lenses}",
  journal = {\mnras},
archivePrefix = "arXiv",
   eprint = {1504.06148},
 primaryClass = "astro-ph.IM",
 keywords = {gravitational lensing: strong, methods: statistical},
     year = 2016,
    month = jan,
   volume = 455,
    pages = {1171-1190},
      doi = {10.1093/mnras/stv2009},
   adsurl = {http://adsabs.harvard.edu/abs/2016MNRAS.455.1171M},
  adsnote = {Provided by the SAO/NASA Astrophysics Data System}
}

@ARTICLE{2015MNRAS.454.1260A,
   author = {{Agnello}, A. and {Treu}, T. and {Ostrovski}, F. and {Schechter}, P.~L. and
	{Buckley-Geer}, E.~J. and {Lin}, H. and {Auger}, M.~W. and {Courbin}, F. and
	{Fassnacht}, C.~D. and {Frieman}, J. and {Kuropatkin}, N. and
	{Marshall}, P.~J. and {McMahon}, R.~G. and {Meylan}, G. and
	{More}, A. and {Suyu}, S.~H. and {Rusu}, C.~E. and {Finley}, D. and
	{Abbott}, T. and {Abdalla}, F.~B. and {Allam}, S. and {Annis}, J. and
	{Banerji}, M. and {Benoit-L{\'e}vy}, A. and {Bertin}, E. and
	{Brooks}, D. and {Burke}, D.~L. and {Rosell}, A.~C. and {Kind}, M.~C. and
	{Carretero}, J. and {Cunha}, C.~E. and {D'Andrea}, C.~B. and
	{da Costa}, L.~N. and {Desai}, S. and {Diehl}, H.~T. and {Dietrich}, J.~P. and
	{Doel}, P. and {Eifler}, T.~F. and {Estrada}, J. and {Neto}, A.~F. and
	{Flaugher}, B. and {Fosalba}, P. and {Gerdes}, D.~W. and {Gruen}, D. and
	{Gutierrez}, G. and {Honscheid}, K. and {James}, D.~J. and {Kuehn}, K. and
	{Lahav}, O. and {Lima}, M. and {Maia}, M.~A.~G. and {March}, M. and
	{Marshall}, J.~L. and {Martini}, P. and {Melchior}, P. and {Miller}, C.~J. and
	{Miquel}, R. and {Nichol}, R.~C. and {Ogando}, R. and {Plazas}, A.~A. and
	{Reil}, K. and {Romer}, A.~K. and {Roodman}, A. and {Sako}, M. and
	{Sanchez}, E. and {Santiago}, B. and {Scarpine}, V. and {Schubnell}, M. and
	{Sevilla-Noarbe}, I. and {Smith}, R.~C. and {Soares-Santos}, M. and
	{Sobreira}, F. and {Suchyta}, E. and {Swanson}, M.~E.~C. and
	{Tarle}, G. and {Thaler}, J. and {Tucker}, D. and {Walker}, A.~R. and
	{Wechsler}, R.~H. and {Zhang}, Y.},
    title = "{Discovery of two gravitationally lensed quasars in the Dark Energy Survey}",
  journal = {\mnras},
archivePrefix = "arXiv",
   eprint = {1508.01203},
 keywords = {gravitational lensing: strong, methods: observational, methods: statistical, quasars: emission lines},
     year = 2015,
    month = dec,
   volume = 454,
    pages = {1260-1265},
      doi = {10.1093/mnras/stv2171},
   adsurl = {http://adsabs.harvard.edu/abs/2015MNRAS.454.1260A},
  adsnote = {Provided by the SAO/NASA Astrophysics Data System}
}

@ARTICLE{2015MNRAS.452..502G,
   author = {{Geach}, J.~E. and {More}, A. and {Verma}, A. and {Marshall}, P.~J. and
	{Jackson}, N. and {Belles}, P.-E. and {Beswick}, R. and {Baeten}, E. and
	{Chavez}, M. and {Cornen}, C. and {Cox}, B.~E. and {Erben}, T. and
	{Erickson}, N.~J. and {Garrington}, S. and {Harrison}, P.~A. and
	{Harrington}, K. and {Hughes}, D.~H. and {Ivison}, R.~J. and
	{Jordan}, C. and {Lin}, Y.-T. and {Leauthaud}, A. and {Lintott}, C. and
	{Lynn}, S. and {Kapadia}, A. and {Kneib}, J.-P. and {Macmillan}, C. and
	{Makler}, M. and {Miller}, G. and {Monta{\~n}a}, A. and {Mujica}, R. and
	{Muxlow}, T. and {Narayanan}, G. and {Briain}, D.~{\'O}. and
	{O'Brien}, T. and {Oguri}, M. and {Paget}, E. and {Parrish}, M. and
	{Ross}, N.~P. and {Rozo}, E. and {Rusu}, C.~E. and {Rykoff}, E.~S. and
	{Sanchez-Arg{\"u}elles}, D. and {Simpson}, R. and {Snyder}, C. and
	{Schloerb}, F.~P. and {Tecza}, M. and {Wang}, W.-H. and {Van Waerbeke}, L. and
	{Wilcox}, J. and {Viero}, M. and {Wilson}, G.~W. and {Yun}, M.~S. and
	{Zeballos}, M.},
    title = "{The Red Radio Ring: a gravitationally lensed hyperluminous infrared radio galaxy at z = 2.553 discovered through the citizen science project SPACE WARPS}",
  journal = {\mnras},
archivePrefix = "arXiv",
   eprint = {1503.05824},
 keywords = {methods: miscellaneous, galaxies: high-redshift},
     year = 2015,
    month = sep,
   volume = 452,
    pages = {502-510},
      doi = {10.1093/mnras/stv1243},
   adsurl = {http://adsabs.harvard.edu/abs/2015MNRAS.452..502G},
  adsnote = {Provided by the SAO/NASA Astrophysics Data System}
}

@ARTICLE{2015JCAP...09..059M,
   author = {{Meng}, X.-L. and {Treu}, T. and {Agnello}, A. and {Auger}, M.~W. and
	{Liao}, K. and {Marshall}, P.~J.},
    title = "{Precision cosmology with time delay lenses: high resolution imaging requirements}",
  journal = {\jcap},
archivePrefix = "arXiv",
   eprint = {1506.07640},
     year = 2015,
    month = sep,
   volume = 9,
      eid = {059},
    pages = {059},
      doi = {10.1088/1475-7516/2015/09/059},
   adsurl = {http://adsabs.harvard.edu/abs/2015JCAP...09..059M},
  adsnote = {Provided by the SAO/NASA Astrophysics Data System}
}

@ARTICLE{2015ARA&A..53..247M,
   author = {{Marshall}, P.~J. and {Lintott}, C.~J. and {Fletcher}, L.~N.
	},
    title = "{Ideas for Citizen Science in Astronomy}",
  journal = {\araa},
archivePrefix = "arXiv",
   eprint = {1409.4291},
 primaryClass = "astro-ph.IM",
     year = 2015,
    month = aug,
   volume = 53,
    pages = {247-278},
      doi = {10.1146/annurev-astro-081913-035959},
   adsurl = {http://adsabs.harvard.edu/abs/2015ARA%26A..53..247M},
  adsnote = {Provided by the SAO/NASA Astrophysics Data System}
}

@ARTICLE{2015MNRAS.450.2963M,
   author = {{Mandelbaum}, R. and {Rowe}, B. and {Armstrong}, R. and {Bard}, D. and
	{Bertin}, E. and {Bosch}, J. and {Boutigny}, D. and {Courbin}, F. and
	{Dawson}, W.~A. and {Donnarumma}, A. and {Fenech Conti}, I. and
	{Gavazzi}, R. and {Gentile}, M. and {Gill}, M.~S.~S. and {Hogg}, D.~W. and
	{Huff}, E.~M. and {Jee}, M.~J. and {Kacprzak}, T. and {Kilbinger}, M. and
	{Kuntzer}, T. and {Lang}, D. and {Luo}, W. and {March}, M.~C. and
	{Marshall}, P.~J. and {Meyers}, J.~E. and {Miller}, L. and {Miyatake}, H. and
	{Nakajima}, R. and {Ngol{\'e} Mboula}, F.~M. and {Nurbaeva}, G. and
	{Okura}, Y. and {Paulin-Henriksson}, S. and {Rhodes}, J. and
	{Schneider}, M.~D. and {Shan}, H. and {Sheldon}, E.~S. and {Simet}, M. and
	{Starck}, J.-L. and {Sureau}, F. and {Tewes}, M. and {Zarb Adami}, K. and
	{Zhang}, J. and {Zuntz}, J.},
    title = "{GREAT3 results - I. Systematic errors in shear estimation and the impact of real galaxy morphology}",
  journal = {\mnras},
archivePrefix = "arXiv",
   eprint = {1412.1825},
 keywords = {gravitational lensing: weak, methods: data analysis, techniques: image processing, cosmology: observations},
     year = 2015,
    month = jul,
   volume = 450,
    pages = {2963-3007},
      doi = {10.1093/mnras/stv781},
   adsurl = {http://adsabs.harvard.edu/abs/2015MNRAS.450.2963M},
  adsnote = {Provided by the SAO/NASA Astrophysics Data System}
}

@ARTICLE{2015ApJ...807..138C,
   author = {{Chan}, J.~H.~H. and {Suyu}, S.~H. and {Chiueh}, T. and {More}, A. and
	{Marshall}, P.~J. and {Coupon}, J. and {Oguri}, M. and {Price}, P.
	},
    title = "{Chitah: Strong-gravitational-lens Hunter in Imaging Surveys}",
  journal = {\apj},
archivePrefix = "arXiv",
   eprint = {1411.5398},
 keywords = {gravitational lensing: strong, methods: data analysis, quasars: individual: anguita},
     year = 2015,
    month = jul,
   volume = 807,
      eid = {138},
    pages = {138},
      doi = {10.1088/0004-637X/807/2/138},
   adsurl = {http://adsabs.harvard.edu/abs/2015ApJ...807..138C},
  adsnote = {Provided by the SAO/NASA Astrophysics Data System}
}

@ARTICLE{2015ApJ...807...87S,
   author = {{Schneider}, M.~D. and {Hogg}, D.~W. and {Marshall}, P.~J. and
	{Dawson}, W.~A. and {Meyers}, J. and {Bard}, D.~J. and {Lang}, D.
	},
    title = "{Hierarchical Probabilistic Inference of Cosmic Shear}",
  journal = {\apj},
archivePrefix = "arXiv",
   eprint = {1411.2608},
 keywords = {catalogs, cosmology: observations, gravitational lensing: weak, methods: data analysis, methods: statistical, surveys},
     year = 2015,
    month = jul,
   volume = 807,
      eid = {87},
    pages = {87},
      doi = {10.1088/0004-637X/807/1/87},
   adsurl = {http://adsabs.harvard.edu/abs/2015ApJ...807...87S},
  adsnote = {Provided by the SAO/NASA Astrophysics Data System}
}

@ARTICLE{2015MNRAS.450..435S,
   author = {{Smethurst}, R.~J. and {Lintott}, C.~J. and {Simmons}, B.~D. and
	{Schawinski}, K. and {Marshall}, P.~J. and {Bamford}, S. and
	{Fortson}, L. and {Kaviraj}, S. and {Masters}, K.~L. and {Melvin}, T. and
	{Nichol}, R.~C. and {Skibba}, R.~A. and {Willett}, K.~W.},
    title = "{Galaxy Zoo: evidence for diverse star formation histories through the green valley}",
  journal = {\mnras},
archivePrefix = "arXiv",
   eprint = {1501.05955},
 keywords = {galaxies: abundances, galaxies: evolution, galaxies: general, galaxies: photometry, galaxies: statistics},
     year = 2015,
    month = jun,
   volume = 450,
    pages = {435-453},
      doi = {10.1093/mnras/stv161},
   adsurl = {http://adsabs.harvard.edu/abs/2015MNRAS.450..435S},
  adsnote = {Provided by the SAO/NASA Astrophysics Data System}
}

@ARTICLE{2015ApJ...805...79M,
   author = {{Mason}, C.~A. and {Treu}, T. and {Schmidt}, K.~B. and {Collett}, T.~E. and
	{Trenti}, M. and {Marshall}, P.~J. and {Barone-Nugent}, R. and
	{Bradley}, L.~D. and {Stiavelli}, M. and {Wyithe}, S.},
    title = "{Correcting the z {\tilde} 8 Galaxy Luminosity Function for Gravitational Lensing Magnification Bias}",
  journal = {\apj},
archivePrefix = "arXiv",
   eprint = {1502.03795},
 keywords = {galaxies: high-redshift, galaxies: luminosity function, mass function, gravitational lensing: strong},
     year = 2015,
    month = may,
   volume = 805,
      eid = {79},
    pages = {79},
      doi = {10.1088/0004-637X/805/1/79},
   adsurl = {http://adsabs.harvard.edu/abs/2015ApJ...805...79M},
  adsnote = {Provided by the SAO/NASA Astrophysics Data System}
}

@ARTICLE{2015MNRAS.448.1446A,
   author = {{Agnello}, A. and {Kelly}, B.~C. and {Treu}, T. and {Marshall}, P.~J.
	},
    title = "{Data mining for gravitationally lensed quasars}",
  journal = {\mnras},
archivePrefix = "arXiv",
   eprint = {1410.4565},
 keywords = {gravitational lensing: strong, methods: statistical, techniques: image processing},
     year = 2015,
    month = apr,
   volume = 448,
    pages = {1446-1462},
      doi = {10.1093/mnras/stv037},
   adsurl = {http://adsabs.harvard.edu/abs/2015MNRAS.448.1446A},
  adsnote = {Provided by the SAO/NASA Astrophysics Data System}
}

@ARTICLE{2015ApJ...803...71S,
   author = {{Shu}, Y. and {Bolton}, A.~S. and {Brownstein}, J.~R. and {Montero-Dorta}, A.~D. and
	{Koopmans}, L.~V.~E. and {Treu}, T. and {Gavazzi}, R. and {Auger}, M.~W. and
	{Czoske}, O. and {Marshall}, P.~J. and {Moustakas}, L.~A.},
    title = "{The Sloan Lens ACS Survey. XII. Extending Strong Lensing to Lower Masses}",
  journal = {\apj},
archivePrefix = "arXiv",
   eprint = {1407.2240},
 keywords = {dark matter, galaxies: evolution, gravitational lensing: strong, methods: statistical, techniques: image processing},
     year = 2015,
    month = apr,
   volume = 803,
      eid = {71},
    pages = {71},
      doi = {10.1088/0004-637X/803/2/71},
   adsurl = {http://adsabs.harvard.edu/abs/2015ApJ...803...71S},
  adsnote = {Provided by the SAO/NASA Astrophysics Data System}
}

@ARTICLE{2015MNRAS.447.2170K,
   author = {{K{\"u}ng}, R. and {Saha}, P. and {More}, A. and {Baeten}, E. and
	{Coles}, J. and {Cornen}, C. and {Macmillan}, C. and {Marshall}, P. and
	{More}, S. and {Odermatt}, J. and {Verma}, A. and {Wilcox}, J.~K.
	},
    title = "{Gravitational lens modelling in a citizen science context}",
  journal = {\mnras},
archivePrefix = "arXiv",
   eprint = {1502.00008},
 primaryClass = "astro-ph.IM",
 keywords = {gravitational lensing: strong, methods: numerical},
     year = 2015,
    month = mar,
   volume = 447,
    pages = {2170-2180},
      doi = {10.1093/mnras/stu2554},
   adsurl = {http://adsabs.harvard.edu/abs/2015MNRAS.447.2170K},
  adsnote = {Provided by the SAO/NASA Astrophysics Data System}
}

@ARTICLE{2015ApJ...800...94S,
   author = {{Sonnenfeld}, A. and {Treu}, T. and {Marshall}, P.~J. and {Suyu}, S.~H. and
	{Gavazzi}, R. and {Auger}, M.~W. and {Nipoti}, C.},
    title = "{The SL2S Galaxy-scale Lens Sample. V. Dark Matter Halos and Stellar IMF of Massive Early-type Galaxies Out to Redshift 0.8}",
  journal = {\apj},
archivePrefix = "arXiv",
   eprint = {1410.1881},
 keywords = {galaxies: elliptical and lenticular, cD, galaxies: evolution, gravitational lensing: strong },
     year = 2015,
    month = feb,
   volume = 800,
      eid = {94},
    pages = {94},
      doi = {10.1088/0004-637X/800/2/94},
   adsurl = {http://adsabs.harvard.edu/abs/2015ApJ...800...94S},
  adsnote = {Provided by the SAO/NASA Astrophysics Data System}
}

@ARTICLE{2015ApJ...800...11L,
   author = {{Liao}, K. and {Treu}, T. and {Marshall}, P. and {Fassnacht}, C.~D. and
	{Rumbaugh}, N. and {Dobler}, G. and {Aghamousa}, A. and {Bonvin}, V. and
	{Courbin}, F. and {Hojjati}, A. and {Jackson}, N. and {Kashyap}, V. and
	{Rathna Kumar}, S. and {Linder}, E. and {Mandel}, K. and {Meng}, X.-L. and
	{Meylan}, G. and {Moustakas}, L.~A. and {Prabhu}, T.~P. and
	{Romero-Wolf}, A. and {Shafieloo}, A. and {Siemiginowska}, A. and
	{Stalin}, C.~S. and {Tak}, H. and {Tewes}, M. and {van Dyk}, D.
	},
    title = "{Strong Lens Time Delay Challenge. II. Results of TDC1}",
  journal = {\apj},
archivePrefix = "arXiv",
   eprint = {1409.1254},
 primaryClass = "astro-ph.IM",
 keywords = {gravitational lensing: strong, methods: data analysis },
     year = 2015,
    month = feb,
   volume = 800,
      eid = {11},
    pages = {11},
      doi = {10.1088/0004-637X/800/1/11},
   adsurl = {http://adsabs.harvard.edu/abs/2015ApJ...800...11L},
  adsnote = {Provided by the SAO/NASA Astrophysics Data System}
}

@ARTICLE{2015ApJ...799L..22H,
   author = {{Hezaveh}, Y.~D. and {Marshall}, P.~J. and {Blandford}, R.~D.
	},
    title = "{Probing the Inner Kiloparsec of Massive Galaxies With Strong Gravitational Lensing}",
  journal = {\apjl},
archivePrefix = "arXiv",
   eprint = {1501.01757},
 keywords = {black hole physics, galaxies: formation, gravitational lensing: strong},
     year = 2015,
    month = feb,
   volume = 799,
      eid = {L22},
    pages = {L22},
      doi = {10.1088/2041-8205/799/2/L22},
   adsurl = {http://adsabs.harvard.edu/abs/2015ApJ...799L..22H},
  adsnote = {Provided by the SAO/NASA Astrophysics Data System}
}

@ARTICLE{2015ApJ...799..168D,
   author = {{Dobler}, G. and {Fassnacht}, C.~D. and {Treu}, T. and {Marshall}, P. and
	{Liao}, K. and {Hojjati}, A. and {Linder}, E. and {Rumbaugh}, N.
	},
    title = "{Strong Lens Time Delay Challenge. I. Experimental Design}",
  journal = {\apj},
 keywords = {gravitational lensing: strong, methods: data analysis },
     year = 2015,
    month = feb,
   volume = 799,
      eid = {168},
    pages = {168},
      doi = {10.1088/0004-637X/799/2/168},
   adsurl = {http://adsabs.harvard.edu/abs/2015ApJ...799..168D},
  adsnote = {Provided by the SAO/NASA Astrophysics Data System}
}

@ARTICLE{2015aska.confE..84M,
   author = {{McKean}, J. and {Jackson}, N. and {Vegetti}, S. and {Rybak}, M. and
	{Serjeant}, S. and {Koopmans}, L.~V.~E. and {Metcalf}, R.~B. and
	{Fassnacht}, C. and {Marshall}, P.~J. and {Pandey-Pommier}, M.
	},
    title = "{Strong Gravitational Lensing with the SKA}",
  journal = {Advancing Astrophysics with the Square Kilometre Array (AASKA14)},
archivePrefix = "arXiv",
   eprint = {1502.03362},
     year = 2015,
      eid = {84},
    pages = {84},
   adsurl = {http://adsabs.harvard.edu/abs/2015aska.confE..84M},
  adsnote = {Provided by the SAO/NASA Astrophysics Data System}
}

@ARTICLE{2014ApJ...788L..35S,
   author = {{Suyu}, S.~H. and {Treu}, T. and {Hilbert}, S. and {Sonnenfeld}, A. and
	{Auger}, M.~W. and {Blandford}, R.~D. and {Collett}, T. and
	{Courbin}, F. and {Fassnacht}, C.~D. and {Koopmans}, L.~V.~E. and
	{Marshall}, P.~J. and {Meylan}, G. and {Spiniello}, C. and {Tewes}, M.
	},
    title = "{Cosmology from Gravitational Lens Time Delays and Planck Data}",
  journal = {\apjl},
archivePrefix = "arXiv",
   eprint = {1306.4732},
 keywords = {distance scale, galaxies: individual: RXJ1131-1231, gravitational lensing: strong, methods: data analysis},
     year = 2014,
    month = jun,
   volume = 788,
      eid = {L35},
    pages = {L35},
      doi = {10.1088/2041-8205/788/2/L35},
   adsurl = {http://adsabs.harvard.edu/abs/2014ApJ...788L..35S},
  adsnote = {Provided by the SAO/NASA Astrophysics Data System}
}

@ARTICLE{2014A&A...566A.149G,
   author = {{Guennou}, L. and {Biviano}, A. and {Adami}, C. and {Limousin}, M. and
	{Lima Neto}, G.~B. and {Mamon}, G.~A. and {Ulmer}, M.~P. and
	{Gavazzi}, R. and {Cypriano}, E.~S. and {Durret}, F. and {Clowe}, D. and
	{LeBrun}, V. and {Allam}, S. and {Basa}, S. and {Benoist}, C. and
	{Cappi}, A. and {Halliday}, C. and {Ilbert}, O. and {Johnston}, D. and
	{Jullo}, E. and {Just}, D. and {Kubo}, J.~M. and {M{\'a}rquez}, I. and
	{Marshall}, P. and {Martinet}, N. and {Maurogordato}, S. and
	{Mazure}, A. and {Murphy}, K.~J. and {Plana}, H. and {Rostagni}, F. and
	{Russeil}, D. and {Schirmer}, M. and {Schrabback}, T. and {Slezak}, E. and
	{Tucker}, D. and {Zaritsky}, D. and {Ziegler}, B.},
    title = "{Mass profile and dynamical status of the z \~{} 0.8 galaxy cluster LCDCS 0504}",
  journal = {\aap},
archivePrefix = "arXiv",
   eprint = {1403.3614},
 keywords = {galaxies: clusters: general, galaxies: kinematics and dynamics},
     year = 2014,
    month = jun,
   volume = 566,
      eid = {A149},
    pages = {A149},
      doi = {10.1051/0004-6361/201322447},
   adsurl = {http://adsabs.harvard.edu/abs/2014A%26A...566A.149G},
  adsnote = {Provided by the SAO/NASA Astrophysics Data System}
}

@ARTICLE{2014ApJ...785..144G,
   author = {{Gavazzi}, R. and {Marshall}, P.~J. and {Treu}, T. and {Sonnenfeld}, A.
	},
    title = "{RINGFINDER: Automated Detection of Galaxy-scale Gravitational Lenses in Ground-based Multi-filter Imaging Data}",
  journal = {\apj},
archivePrefix = "arXiv",
   eprint = {1403.1041},
 keywords = {methods: data analysis, methods: statistical, galaxies: elliptical and lenticular, cD, gravitational lensing: strong, surveys, techniques: miscellaneous },
     year = 2014,
    month = apr,
   volume = 785,
      eid = {144},
    pages = {144},
      doi = {10.1088/0004-637X/785/2/144},
   adsurl = {http://adsabs.harvard.edu/abs/2014ApJ...785..144G},
  adsnote = {Provided by the SAO/NASA Astrophysics Data System}
}

@ARTICLE{2014ApJ...784...92M,
   author = {{Morganson}, E. and {Burgett}, W.~S. and {Chambers}, K.~C. and
	{Green}, P.~J. and {Kaiser}, N. and {Magnier}, E.~A. and {Marshall}, P.~J. and
	{Morgan}, J.~S. and {Price}, P.~A. and {Rix}, H.-W. and {Schlafly}, E.~F. and
	{Tonry}, J.~L. and {Walter}, F.},
    title = "{Measuring Quasar Variability with Pan-STARRS1 and SDSS}",
  journal = {\apj},
archivePrefix = "arXiv",
   eprint = {1407.0716},
 primaryClass = "astro-ph.HE",
 keywords = {quasars: general},
     year = 2014,
    month = apr,
   volume = 784,
      eid = {92},
    pages = {92},
      doi = {10.1088/0004-637X/784/2/92},
   adsurl = {http://adsabs.harvard.edu/abs/2014ApJ...784...92M},
  adsnote = {Provided by the SAO/NASA Astrophysics Data System}
}

@ARTICLE{2014ApJ...782L..14C,
   author = {{Cheung}, C.~C. and {Larsson}, S. and {Scargle}, J.~D. and {Amin}, M.~A. and
	{Blandford}, R.~D. and {Bulmash}, D. and {Chiang}, J. and {Ciprini}, S. and
	{Corbet}, R.~H.~D. and {Falco}, E.~E. and {Marshall}, P.~J. and
	{Wood}, D.~L. and {Ajello}, M. and {Bastieri}, D. and {Chekhtman}, A. and
	{D'Ammando}, F. and {Giroletti}, M. and {Grove}, J.~E. and {Lott}, B. and
	{Ojha}, R. and {Orienti}, M. and {Perkins}, J.~S. and {Razzano}, M. and
	{Smith}, A.~W. and {Thompson}, D.~J. and {Wood}, K.~S.},
    title = "{Fermi Large Area Telescope Detection of Gravitational Lens Delayed {$\gamma$}-Ray Flares from Blazar B0218+357}",
  journal = {\apjl},
archivePrefix = "arXiv",
   eprint = {1401.0548},
 primaryClass = "astro-ph.HE",
 keywords = {galaxies: active, gamma rays: galaxies, gravitational lensing: strong, quasars: individual: B0218+357},
     year = 2014,
    month = feb,
   volume = 782,
      eid = {L14},
    pages = {L14},
      doi = {10.1088/2041-8205/782/2/L14},
   adsurl = {http://adsabs.harvard.edu/abs/2014ApJ...782L..14C},
  adsnote = {Provided by the SAO/NASA Astrophysics Data System}
}

@ARTICLE{2013ApJ...777...98S,
   author = {{Sonnenfeld}, A. and {Treu}, T. and {Gavazzi}, R. and {Suyu}, S.~H. and
	{Marshall}, P.~J. and {Auger}, M.~W. and {Nipoti}, C.},
    title = "{The SL2S Galaxy-scale Lens Sample. IV. The Dependence of the Total Mass Density Profile of Early-type Galaxies on Redshift, Stellar Mass, and Size}",
  journal = {\apj},
archivePrefix = "arXiv",
   eprint = {1307.4759},
 keywords = {galaxies: elliptical and lenticular, cD, galaxies: evolution, gravitational lensing: strong},
     year = 2013,
    month = nov,
   volume = 777,
      eid = {98},
    pages = {98},
      doi = {10.1088/0004-637X/777/2/98},
   adsurl = {http://adsabs.harvard.edu/abs/2013ApJ...777...98S},
  adsnote = {Provided by the SAO/NASA Astrophysics Data System}
}

@ARTICLE{2013ApJ...777...97S,
   author = {{Sonnenfeld}, A. and {Gavazzi}, R. and {Suyu}, S.~H. and {Treu}, T. and
	{Marshall}, P.~J.},
    title = "{The SL2S Galaxy-scale Lens Sample. III. Lens Models, Surface Photometry, and Stellar Masses for the Final Sample}",
  journal = {\apj},
archivePrefix = "arXiv",
   eprint = {1307.4764},
 keywords = {galaxies: elliptical and lenticular, cD, gravitational lensing: strong},
     year = 2013,
    month = nov,
   volume = 777,
      eid = {97},
    pages = {97},
      doi = {10.1088/0004-637X/777/2/97},
   adsurl = {http://adsabs.harvard.edu/abs/2013ApJ...777...97S},
  adsnote = {Provided by the SAO/NASA Astrophysics Data System}
}

@ARTICLE{2013MNRAS.434.3322D,
   author = {{Deane}, R.~P. and {Rawlings}, S. and {Garrett}, M.~A. and {Heywood}, I. and
	{Jarvis}, M.~J. and {Kl{\"o}ckner}, H.-R. and {Marshall}, P.~J. and
	{McKean}, J.~P.},
    title = "{The preferentially magnified active nucleus in IRAS F10214+4724 - III. VLBI observations of the radio core}",
  journal = {\mnras},
archivePrefix = "arXiv",
   eprint = {1307.6566},
 keywords = {gravitational lensing: strong, galaxies: active, galaxies: individual: IRAS F10214+4724},
     year = 2013,
    month = oct,
   volume = 434,
    pages = {3322-3336},
      doi = {10.1093/mnras/stt1241},
   adsurl = {http://adsabs.harvard.edu/abs/2013MNRAS.434.3322D},
  adsnote = {Provided by the SAO/NASA Astrophysics Data System}
}

@ARTICLE{2013MNRAS.434...23D,
   author = {{Deane}, R.~P. and {Heywood}, I. and {Rawlings}, S. and {Marshall}, P.~J.
	},
    title = "{The preferentially magnified active nucleus in IRAS F10214+4724 - II. Spatially resolved cold molecular gas}",
  journal = {\mnras},
archivePrefix = "arXiv",
   eprint = {1307.6565},
 keywords = {gravitational lensing: strong, galaxies: evolution, galaxies: high-redshift, galaxies: individual: IRAS F10214+4724, galaxies: ISM},
     year = 2013,
    month = sep,
   volume = 434,
    pages = {23-37},
      doi = {10.1093/mnras/stt957},
   adsurl = {http://adsabs.harvard.edu/abs/2013MNRAS.434...23D},
  adsnote = {Provided by the SAO/NASA Astrophysics Data System}
}

@ARTICLE{2013MNRAS.433.1517H,
   author = {{Harvey}, D. and {Massey}, R. and {Kitching}, T. and {Taylor}, A. and
	{Jullo}, E. and {Kneib}, J.-P. and {Tittley}, E. and {Marshall}, P.~J.
	},
    title = "{Dark matter astrometry: accuracy of subhalo positions for the measurement of self-interaction cross-sections}",
  journal = {\mnras},
archivePrefix = "arXiv",
   eprint = {1305.2117},
 primaryClass = "astro-ph.CO",
 keywords = {gravitational lensing: weak, cosmological parameters, dark matter, galaxies: clusters general},
     year = 2013,
    month = aug,
   volume = 433,
    pages = {1517-1528},
      doi = {10.1093/mnras/stt819},
   adsurl = {http://adsabs.harvard.edu/abs/2013MNRAS.433.1517H},
  adsnote = {Provided by the SAO/NASA Astrophysics Data System}
}

@ARTICLE{2013MNRAS.432..679C,
   author = {{Collett}, T.~E. and {Marshall}, P.~J. and {Auger}, M.~W. and
	{Hilbert}, S. and {Suyu}, S.~H. and {Greene}, Z. and {Treu}, T. and
	{Fassnacht}, C.~D. and {Koopmans}, L.~V.~E. and {Brada{\v c}}, M. and
	{Blandford}, R.~D.},
    title = "{Reconstructing the lensing mass in the Universe from photometric catalogue data}",
  journal = {\mnras},
archivePrefix = "arXiv",
   eprint = {1303.6564},
 keywords = {gravitational lensing: weak, methods: statistical, galaxies: haloes, galaxies: luminosity function, mass function, cosmology: observations},
     year = 2013,
    month = jun,
   volume = 432,
    pages = {679-692},
      doi = {10.1093/mnras/stt504},
   adsurl = {http://adsabs.harvard.edu/abs/2013MNRAS.432..679C},
  adsnote = {Provided by the SAO/NASA Astrophysics Data System}
}

@ARTICLE{2013ApJ...768...39G,
   author = {{Greene}, Z.~S. and {Suyu}, S.~H. and {Treu}, T. and {Hilbert}, S. and
	{Auger}, M.~W. and {Collett}, T.~E. and {Marshall}, P.~J. and
	{Fassnacht}, C.~D. and {Blandford}, R.~D. and {Brada{\v c}}, M. and
	{Koopmans}, L.~V.~E.},
    title = "{Improving the Precision of Time-delay Cosmography with Observations of Galaxies along the Line of Sight}",
  journal = {\apj},
archivePrefix = "arXiv",
   eprint = {1303.3588},
 keywords = {distance scale, galaxies: individual: B1608+656, gravitational lensing: strong, methods: data analysis },
     year = 2013,
    month = may,
   volume = 768,
      eid = {39},
    pages = {39},
      doi = {10.1088/0004-637X/768/1/39},
   adsurl = {http://adsabs.harvard.edu/abs/2013ApJ...768...39G},
  adsnote = {Provided by the SAO/NASA Astrophysics Data System}
}

@ARTICLE{2013ApJ...766...70S,
   author = {{Suyu}, S.~H. and {Auger}, M.~W. and {Hilbert}, S. and {Marshall}, P.~J. and
	{Tewes}, M. and {Treu}, T. and {Fassnacht}, C.~D. and {Koopmans}, L.~V.~E. and
	{Sluse}, D. and {Blandford}, R.~D. and {Courbin}, F. and {Meylan}, G.
	},
    title = "{Two Accurate Time-delay Distances from Strong Lensing: Implications for Cosmology}",
  journal = {\apj},
archivePrefix = "arXiv",
   eprint = {1208.6010},
 keywords = {distance scale, galaxies: individual: RXJ1131{\ndash}1231, gravitational lensing: strong, methods: data analysis},
     year = 2013,
    month = apr,
   volume = 766,
      eid = {70},
    pages = {70},
      doi = {10.1088/0004-637X/766/2/70},
   adsurl = {http://adsabs.harvard.edu/abs/2013ApJ...766...70S},
  adsnote = {Provided by the SAO/NASA Astrophysics Data System}
}

@ARTICLE{2013MNRAS.430....2D,
   author = {{Deane}, R.~P. and {Rawlings}, S. and {Marshall}, P.~J. and
	{Heywood}, I. and {Kl{\"o}ckner}, H.-R. and {Grainge}, K. and
	{Mauch}, T. and {Serjeant}, S.},
    title = "{The preferentially magnified active nucleus in IRAS F10214+4724 - I. Lens model and spatially resolved radio emission}",
  journal = {\mnras},
archivePrefix = "arXiv",
   eprint = {1307.6564},
 primaryClass = "astro-ph.CO",
 keywords = {gravitational lensing: strong, galaxies: evolution, galaxies: high-redshift, galaxies: individual: IRAS FSC10214+4724},
     year = 2013,
    month = mar,
   volume = 430,
    pages = {2-21},
      doi = {10.1093/mnras/sts520},
   adsurl = {http://adsabs.harvard.edu/abs/2013MNRAS.430....2D},
  adsnote = {Provided by the SAO/NASA Astrophysics Data System}
}

@ARTICLE{2013MNRAS.428.3183D,
   author = {{Dutton}, A.~A. and {Treu}, T. and {Brewer}, B.~J. and {Marshall}, P.~J. and
	{Auger}, M.~W. and {Barnab{\`e}}, M. and {Koo}, D.~C. and {Bolton}, A.~S. and
	{Koopmans}, L.~V.~E.},
    title = "{The SWELLS survey - V. A Salpeter stellar initial mass function in the bulges of massive spiral galaxies}",
  journal = {\mnras},
archivePrefix = "arXiv",
   eprint = {1206.4310},
 keywords = {stars: luminosity function, mass function, galaxies: bulges, galaxies: kinematics and dynamics, galaxies: spiral, dark matter},
     year = 2013,
    month = feb,
   volume = 428,
    pages = {3183-3195},
      doi = {10.1093/mnras/sts262},
   adsurl = {http://adsabs.harvard.edu/abs/2013MNRAS.428.3183D},
  adsnote = {Provided by the SAO/NASA Astrophysics Data System}
}

@ARTICLE{2013MNRAS.428.2695C,
   author = {{Chang}, C. and {Kahn}, S.~M. and {Jernigan}, J.~G. and {Peterson}, J.~R. and
	{AlSayyad}, Y. and {Ahmad}, Z. and {Bankert}, J. and {Bard}, D. and
	{Connolly}, A. and {Gibson}, R.~R. and {Gilmore}, K. and {Grace}, E. and
	{Hannel}, M. and {Hodge}, M.~A. and {Jee}, M.~J. and {Jones}, L. and
	{Krughoff}, S. and {Lorenz}, S. and {Marshall}, P.~J. and {Marshall}, S. and
	{Meert}, A. and {Nagarajan}, S. and {Peng}, E. and {Rasmussen}, A.~P. and
	{Shmakova}, M. and {Sylvestre}, N. and {Todd}, N. and {Young}, M.
	},
    title = "{Spurious shear in weak lensing with the Large Synoptic Survey Telescope}",
  journal = {\mnras},
archivePrefix = "arXiv",
   eprint = {1206.1378},
 keywords = {gravitational lensing: weak, atmospheric effects, methods: statistical, telescopes, surveys, cosmology: observations},
     year = 2013,
    month = jan,
   volume = 428,
    pages = {2695-2713},
      doi = {10.1093/mnras/sts223},
   adsurl = {http://adsabs.harvard.edu/abs/2013MNRAS.428.2695C},
  adsnote = {Provided by the SAO/NASA Astrophysics Data System}
}

@ARTICLE{2012MNRAS.427.2572C,
   author = {{Chang}, C. and {Marshall}, P.~J. and {Jernigan}, J.~G. and
	{Peterson}, J.~R. and {Kahn}, S.~M. and {Gull}, S.~F. and {AlSayyad}, Y. and
	{Ahmad}, Z. and {Bankert}, J. and {Bard}, D. and {Connolly}, A. and
	{Gibson}, R.~R. and {Gilmore}, K. and {Grace}, E. and {Hannel}, M. and
	{Hodge}, M.~A. and {Jones}, L. and {Krughoff}, S. and {Lorenz}, S. and
	{Marshall}, S. and {Meert}, A. and {Nagarajan}, S. and {Peng}, E. and
	{Rasmussen}, A.~P. and {Shmakova}, M. and {Sylvestre}, N. and
	{Todd}, N. and {Young}, M.},
    title = "{Atmospheric point spread function interpolation for weak lensing in short exposure imaging data}",
  journal = {\mnras},
archivePrefix = "arXiv",
   eprint = {1206.1383},
 primaryClass = "astro-ph.IM",
 keywords = {gravitational lensing: weak, atmospheric effects, methods: data analysis, techniques: image processing, surveys, cosmology: observations},
     year = 2012,
    month = dec,
   volume = 427,
    pages = {2572-2587},
      doi = {10.1111/j.1365-2966.2012.22134.x},
   adsurl = {http://adsabs.harvard.edu/abs/2012MNRAS.427.2572C},
  adsnote = {Provided by the SAO/NASA Astrophysics Data System}
}

@ARTICLE{2012ApJ...761..170G,
   author = {{Gavazzi}, R. and {Treu}, T. and {Marshall}, P.~J. and {Brault}, F. and
	{Ruff}, A.},
    title = "{The SL2S Galaxy-scale Gravitational Lens Sample. I. The Alignment of Mass and Light in Massive Early-type Galaxies at z = 0.2-0.9}",
  journal = {\apj},
archivePrefix = "arXiv",
   eprint = {1202.3852},
 keywords = {galaxies: fundamental parameters, gravitational lensing: strong },
     year = 2012,
    month = dec,
   volume = 761,
      eid = {170},
    pages = {170},
      doi = {10.1088/0004-637X/761/2/170},
   adsurl = {http://adsabs.harvard.edu/abs/2012ApJ...761..170G},
  adsnote = {Provided by the SAO/NASA Astrophysics Data System}
}

@ARTICLE{2012MNRAS.424.2864C,
   author = {{Collett}, T.~E. and {Auger}, M.~W. and {Belokurov}, V. and
	{Marshall}, P.~J. and {Hall}, A.~C.},
    title = "{Constraining the dark energy equation of state with double-source plane strong lenses}",
  journal = {\mnras},
archivePrefix = "arXiv",
   eprint = {1203.2758},
 keywords = {gravitational lensing: strong, cosmological parameters, dark energy },
     year = 2012,
    month = aug,
   volume = 424,
    pages = {2864-2875},
      doi = {10.1111/j.1365-2966.2012.21424.x},
   adsurl = {http://adsabs.harvard.edu/abs/2012MNRAS.424.2864C},
  adsnote = {Provided by the SAO/NASA Astrophysics Data System}
}

@ARTICLE{2012MNRAS.423.1856S,
   author = {{Strigari}, L.~E. and {Barnab{\`e}}, M. and {Marshall}, P.~J. and
	{Blandford}, R.~D.},
    title = "{Nomads of the Galaxy}",
  journal = {\mnras},
archivePrefix = "arXiv",
   eprint = {1201.2687},
 keywords = {gravitational lensing: micro, planets and satellites: detection, planets and satellites: general},
     year = 2012,
    month = jun,
   volume = 423,
    pages = {1856-1865},
      doi = {10.1111/j.1365-2966.2012.21009.x},
   adsurl = {http://adsabs.harvard.edu/abs/2012MNRAS.423.1856S},
  adsnote = {Provided by the SAO/NASA Astrophysics Data System}
}

@ARTICLE{2012MNRAS.423.1463A,
   author = {{AMI Consortium} and {Shimwell}, T.~W. and {Barker}, R.~W. and
	{Biddulph}, P. and {Bly}, D. and {Boysen}, R.~C. and {Brown}, A.~R. and
	{Brown}, M.~L. and {Clementson}, C. and {Crofts}, M. and {Culverhouse}, T.~L. and
	{Czeres}, J. and {Dace}, R.~J. and {Davies}, M.~L. and {D'Alessandro}, R. and
	{Doherty}, P. and {Duggan}, K. and {Ely}, J.~A. and {Felvus}, M. and
	{Feroz}, F. and {Flynn}, W. and {Franzen}, T.~M.~O. and {Geisb{\"u}sch}, J. and
	{G{\'e}nova-Santos}, R. and {Grainge}, K.~J.~B. and {Grainger}, W.~F. and
	{Hammett}, D. and {Hobson}, M.~P. and {Holler}, C.~M. and {Hurley-Walker}, N. and
	{Jilley}, R. and {Kaneko}, T. and {Kneissl}, R. and {Lancaster}, K. and
	{Lasenby}, A.~N. and {Marshall}, P.~J. and {Newton}, F. and
	{Norris}, O. and {Northrop}, I. and {Odell}, D.~M. and {Olamaie}, M. and
	{Perrott}, Y.~C. and {Pober}, J.~C. and {Pooley}, G.~G. and
	{Pospieszalski}, M.~W. and {Quy}, V. and {Rodr{\'{\i}}guez-Gonz{\'a}lvez}, C. and
	{Saunders}, R.~D.~E. and {Scaife}, A.~M.~M. and {Schammel}, M.~P. and
	{Schofield}, J. and {Scott}, P.~F. and {Shaw}, C. and {Smith}, H. and
	{Titterington}, D.~J. and {Veli{\'c}}, M. and {Waldram}, E.~M. and
	{West}, S. and {Wood}, B.~A. and {Yassin}, G. and {Zwart}, J.~T.~L.
	},
    title = "{A blind detection of a large, complex, Sunyaev-Zel'dovich structure}",
  journal = {\mnras},
archivePrefix = "arXiv",
   eprint = {1012.4441},
 keywords = {galaxies: clusters: general, cosmology: observations},
     year = 2012,
    month = jun,
   volume = 423,
    pages = {1463-1473},
      doi = {10.1111/j.1365-2966.2012.20970.x},
   adsurl = {http://adsabs.harvard.edu/abs/2012MNRAS.423.1463A},
  adsnote = {Provided by the SAO/NASA Astrophysics Data System}
}

@ARTICLE{2012MNRAS.423.1073B,
   author = {{Barnab{\`e}}, M. and {Dutton}, A.~A. and {Marshall}, P.~J. and
	{Auger}, M.~W. and {Brewer}, B.~J. and {Treu}, T. and {Bolton}, A.~S. and
	{Koo}, D.~C. and {Koopmans}, L.~V.~E.},
    title = "{The SWELLS survey - IV. Precision measurements of the stellar and dark matter distributions in a spiral lens galaxy}",
  journal = {\mnras},
archivePrefix = "arXiv",
   eprint = {1201.1692},
 keywords = {gravitational lensing: strong, galaxies: fundamental parameters, galaxies: haloes, galaxies: kinematics and dynamics, galaxies: spiral, galaxies: structure},
     year = 2012,
    month = jun,
   volume = 423,
    pages = {1073-1088},
      doi = {10.1111/j.1365-2966.2012.20934.x},
   adsurl = {http://adsabs.harvard.edu/abs/2012MNRAS.423.1073B},
  adsnote = {Provided by the SAO/NASA Astrophysics Data System}
}

@ARTICLE{2012MNRAS.422.3574B,
   author = {{Brewer}, B.~J. and {Dutton}, A.~A. and {Treu}, T. and {Auger}, M.~W. and
	{Marshall}, P.~J. and {Barnab{\`e}}, M. and {Bolton}, A.~S. and
	{Koo}, D.~C. and {Koopmans}, L.~V.~E.},
    title = "{The SWELLS survey - III. Disfavouring 'heavy' initial mass functions for spiral lens galaxies}",
  journal = {\mnras},
archivePrefix = "arXiv",
   eprint = {1201.1677},
 keywords = {gravitational lensing: strong, stars: luminosity function, mass function, galaxies: fundamental parameters, galaxies: spiral},
     year = 2012,
    month = jun,
   volume = 422,
    pages = {3574-3590},
      doi = {10.1111/j.1365-2966.2012.20870.x},
   adsurl = {http://adsabs.harvard.edu/abs/2012MNRAS.422.3574B},
  adsnote = {Provided by the SAO/NASA Astrophysics Data System}
}

@ARTICLE{2012ApJ...752..163S,
   author = {{Sonnenfeld}, A. and {Treu}, T. and {Gavazzi}, R. and {Marshall}, P.~J. and
	{Auger}, M.~W. and {Suyu}, S.~H. and {Koopmans}, L.~V.~E. and
	{Bolton}, A.~S.},
    title = "{Evidence for Dark Matter Contraction and a Salpeter Initial Mass Function in a Massive Early-type Galaxy}",
  journal = {\apj},
archivePrefix = "arXiv",
   eprint = {1111.4215},
 keywords = {dark matter, galaxies: elliptical and lenticular, cD, galaxies: structure, gravitational lensing: strong},
     year = 2012,
    month = jun,
   volume = 752,
      eid = {163},
    pages = {163},
      doi = {10.1088/0004-637X/752/2/163},
   adsurl = {http://adsabs.harvard.edu/abs/2012ApJ...752..163S},
  adsnote = {Provided by the SAO/NASA Astrophysics Data System}
}

@ARTICLE{2012ApJ...752...99N,
   author = {{Nierenberg}, A.~M. and {Auger}, M.~W. and {Treu}, T. and {Marshall}, P.~J. and
	{Fassnacht}, C.~D. and {Busha}, M.~T.},
    title = "{Luminous Satellites. II. Spatial Distribution, Luminosity Function, and Cosmic Evolution}",
  journal = {\apj},
archivePrefix = "arXiv",
   eprint = {1202.2125},
 keywords = {dark matter, galaxies: dwarf, galaxies: evolution, galaxies: formation, gravitational lensing: strong},
     year = 2012,
    month = jun,
   volume = 752,
      eid = {99},
    pages = {99},
      doi = {10.1088/0004-637X/752/2/99},
   adsurl = {http://adsabs.harvard.edu/abs/2012ApJ...752...99N},
  adsnote = {Provided by the SAO/NASA Astrophysics Data System}
}

@ARTICLE{2012ApJ...748L..23H,
   author = {{Hamilton-Morris}, V. and {Smith}, G.~P. and {Edge}, A.~C. and
	{Egami}, E. and {Haines}, C.~P. and {Marshall}, P.~J. and {Sanderson}, A.~J.~R. and
	{Targett}, T.~A.},
    title = "{A Weak-lensing and Near-infrared Study of A3192: Disassembling a Richness Class 3 Abell Cluster}",
  journal = {\apjl},
 keywords = {cosmology: observations, galaxies: clusters: individual: A3192 RXC J0358.8-2955, galaxies: evolution, gravitational lensing: strong, gravitational lensing: weak},
     year = 2012,
    month = apr,
   volume = 748,
      eid = {L23},
    pages = {L23},
      doi = {10.1088/2041-8205/748/2/L23},
   adsurl = {http://adsabs.harvard.edu/abs/2012ApJ...748L..23H},
  adsnote = {Provided by the SAO/NASA Astrophysics Data System}
}

@ARTICLE{2012MNRAS.419.2921A,
   author = {{AMI Consortium} and {Hurley-Walker}, N. and {Bridle}, S. and
	{Cypriano}, E.~S. and {Davies}, M.~L. and {Erben}, T. and {Feroz}, F. and
	{Franzen}, T.~M.~O. and {Grainge}, K. and {Hobson}, M.~P. and
	{Lasenby}, A. and {Marshall}, P.~J. and {Olamaie}, M. and {Pooley}, G. and
	{Rodr{\'{\i}}guez-Gonz{\'a}lvez}, C. and {Saunders}, R.~D.~E. and
	{Scaife}, A.~M.~M. and {Schammel}, M.~P. and {Scott}, P.~F. and
	{Shimwell}, T. and {Titterington}, D. and {Waldram}, E. and
	{Zwart}, J.~T.~L.},
    title = "{Bayesian analysis of weak gravitational lensing and Sunyaev-Zel'dovich data for six galaxy clusters}",
  journal = {\mnras},
archivePrefix = "arXiv",
   eprint = {1101.5912},
 keywords = {gravitational lensing: weak, radiation mechanisms: non-thermal, cosmic background radiation, cosmology: observations, galaxies: clusters: general},
     year = 2012,
    month = feb,
   volume = 419,
    pages = {2921-2942},
      doi = {10.1111/j.1365-2966.2011.19937.x},
   adsurl = {http://adsabs.harvard.edu/abs/2012MNRAS.419.2921A},
  adsnote = {Provided by the SAO/NASA Astrophysics Data System}
}

@ARTICLE{2012A&A...537A..64G,
   author = {{Guennou}, L. and {Adami}, C. and {Da Rocha}, C. and {Durret}, F. and
	{Ulmer}, M.~P. and {Allam}, S. and {Basa}, S. and {Benoist}, C. and
	{Biviano}, A. and {Clowe}, D. and {Gavazzi}, R. and {Halliday}, C. and
	{Ilbert}, O. and {Johnston}, D. and {Just}, D. and {Kron}, R. and
	{Kubo}, J.~M. and {Le Brun}, V. and {Marshall}, P. and {Mazure}, A. and
	{Murphy}, K.~J. and {Pereira}, D.~N.~E. and {Raba{\c c}a}, C.~R. and
	{Rostagni}, F. and {Rudnick}, G. and {Russeil}, D. and {Schrabback}, T. and
	{Slezak}, E. and {Tucker}, D. and {Zaritsky}, D.},
    title = "{Intracluster light in clusters of galaxies at redshifts 0.4 $\lt$ z $\lt$ 0.8}",
  journal = {\aap},
archivePrefix = "arXiv",
   eprint = {1109.3967},
 keywords = {galaxies: clusters: intracluster medium, galaxies: clusters: general},
     year = 2012,
    month = jan,
   volume = 537,
      eid = {A64},
    pages = {A64},
      doi = {10.1051/0004-6361/201117482},
   adsurl = {http://adsabs.harvard.edu/abs/2012A%26A...537A..64G},
  adsnote = {Provided by the SAO/NASA Astrophysics Data System}
}

@ARTICLE{2011ApJ...743...40B,
   author = {{Busha}, M.~T. and {Marshall}, P.~J. and {Wechsler}, R.~H. and
	{Klypin}, A. and {Primack}, J.},
    title = "{The Mass Distribution and Assembly of the Milky Way from the Properties of the Magellanic Clouds}",
  journal = {\apj},
archivePrefix = "arXiv",
   eprint = {1011.2203},
 keywords = {dark matter, Galaxy: formation, Galaxy: fundamental parameters, Galaxy: halo, galaxies: dwarf, galaxies: evolution, Magellanic Clouds},
     year = 2011,
    month = dec,
   volume = 743,
      eid = {40},
    pages = {40},
      doi = {10.1088/0004-637X/743/1/40},
   adsurl = {http://adsabs.harvard.edu/abs/2011ApJ...743...40B},
  adsnote = {Provided by the SAO/NASA Astrophysics Data System}
}

@ARTICLE{2011MNRAS.417.1621D,
   author = {{Dutton}, A.~A. and {Brewer}, B.~J. and {Marshall}, P.~J. and
	{Auger}, M.~W. and {Treu}, T. and {Koo}, D.~C. and {Bolton}, A.~S. and
	{Holden}, B.~P. and {Koopmans}, L.~V.~E.},
    title = "{The SWELLS survey - II. Breaking the disc-halo degeneracy in the spiral galaxy gravitational lens SDSS J2141-0001}",
  journal = {\mnras},
archivePrefix = "arXiv",
   eprint = {1101.1622},
 keywords = {gravitational lensing: strong, galaxies: fundamental parameters, galaxies: haloes, galaxies: kinematics and dynamics, galaxies: spiral, galaxies: structure},
     year = 2011,
    month = nov,
   volume = 417,
    pages = {1621-1642},
      doi = {10.1111/j.1365-2966.2011.18706.x},
   adsurl = {http://adsabs.harvard.edu/abs/2011MNRAS.417.1621D},
  adsnote = {Provided by the SAO/NASA Astrophysics Data System}
}

@ARTICLE{2011MNRAS.417.1601T,
   author = {{Treu}, T. and {Dutton}, A.~A. and {Auger}, M.~W. and {Marshall}, P.~J. and
	{Bolton}, A.~S. and {Brewer}, B.~J. and {Koo}, D.~C. and {Koopmans}, L.~V.~E.
	},
    title = "{The SWELLS survey - I. A large spectroscopically selected sample of edge-on late-type lens galaxies}",
  journal = {\mnras},
archivePrefix = "arXiv",
   eprint = {1104.5663},
 keywords = {gravitational lensing: strong, galaxies: fundamental parameters, galaxies: haloes, galaxies: spiral, galaxies: structure},
     year = 2011,
    month = nov,
   volume = 417,
    pages = {1601-1620},
      doi = {10.1111/j.1365-2966.2011.19378.x},
   adsurl = {http://adsabs.harvard.edu/abs/2011MNRAS.417.1601T},
  adsnote = {Provided by the SAO/NASA Astrophysics Data System}
}

@ARTICLE{2011ApJ...734..104N,
   author = {{Newton}, E.~R. and {Marshall}, P.~J. and {Treu}, T. and {Auger}, M.~W. and
	{Gavazzi}, R. and {Bolton}, A.~S. and {Koopmans}, L.~V.~E. and
	{Moustakas}, L.~A.},
    title = "{The Sloan Lens ACS Survey. XI. Beyond Hubble Resolution: Size, Luminosity, and Stellar Mass of Compact Lensed Galaxies at Intermediate Redshift}",
  journal = {\apj},
archivePrefix = "arXiv",
   eprint = {1104.2608},
 keywords = {galaxies: evolution, galaxies: fundamental parameters, gravitational lensing: strong},
     year = 2011,
    month = jun,
   volume = 734,
      eid = {104},
    pages = {104},
      doi = {10.1088/0004-637X/734/2/104},
   adsurl = {http://adsabs.harvard.edu/abs/2011ApJ...734..104N},
  adsnote = {Provided by the SAO/NASA Astrophysics Data System}
}

@ARTICLE{2011ApJ...731...44N,
   author = {{Nierenberg}, A.~M. and {Auger}, M.~W. and {Treu}, T. and {Marshall}, P.~J. and
	{Fassnacht}, C.~D.},
    title = "{Luminous Satellites of Early-type Galaxies. I. Spatial Distribution}",
  journal = {\apj},
archivePrefix = "arXiv",
   eprint = {1102.1426},
 primaryClass = "astro-ph.GA",
 keywords = {dark matter, galaxies: dwarf, galaxies: formation, galaxies: halos, gravitational lensing: strong, gravitational lensing: weak},
     year = 2011,
    month = apr,
   volume = 731,
      eid = {44},
    pages = {44},
      doi = {10.1088/0004-637X/731/1/44},
   adsurl = {http://adsabs.harvard.edu/abs/2011ApJ...731...44N},
  adsnote = {Provided by the SAO/NASA Astrophysics Data System}
}

@ARTICLE{2011MNRAS.411L...6A,
   author = {{Auger}, M.~W. and {Treu}, T. and {Brewer}, B.~J. and {Marshall}, P.~J.
	},
    title = "{A compact early-type galaxy at z= 0.6 under a magnifying lens: evidence for inside-out growth}",
  journal = {\mnras},
archivePrefix = "arXiv",
   eprint = {1011.0993},
 keywords = {galaxies: elliptical and lenticular, cD},
     year = 2011,
    month = feb,
   volume = 411,
    pages = {L6-L10},
      doi = {10.1111/j.1745-3933.2010.00980.x},
   adsurl = {http://adsabs.harvard.edu/abs/2011MNRAS.411L...6A},
  adsnote = {Provided by the SAO/NASA Astrophysics Data System}
}

@ARTICLE{2011ApJ...727...96R,
   author = {{Ruff}, A.~J. and {Gavazzi}, R. and {Marshall}, P.~J. and {Treu}, T. and
	{Auger}, M.~W. and {Brault}, F.},
    title = "{The SL2S Galaxy-scale Lens Sample. II. Cosmic Evolution of Dark and Luminous Mass in Early-type Galaxies}",
  journal = {\apj},
archivePrefix = "arXiv",
   eprint = {1008.3167},
 primaryClass = "astro-ph.CO",
 keywords = {dark matter, galaxies: elliptical and lenticular, cD, galaxies: evolution, galaxies: fundamental parameters, galaxies: structure, gravitational lensing: strong},
     year = 2011,
    month = feb,
   volume = 727,
      eid = {96},
    pages = {96},
      doi = {10.1088/0004-637X/727/2/96},
   adsurl = {http://adsabs.harvard.edu/abs/2011ApJ...727...96R},
  adsnote = {Provided by the SAO/NASA Astrophysics Data System}
}

@ARTICLE{2010ApJ...724..511A,
   author = {{Auger}, M.~W. and {Treu}, T. and {Bolton}, A.~S. and {Gavazzi}, R. and
	{Koopmans}, L.~V.~E. and {Marshall}, P.~J. and {Moustakas}, L.~A. and
	{Burles}, S.},
    title = "{The Sloan Lens ACS Survey. X. Stellar, Dynamical, and Total Mass Correlations of Massive Early-type Galaxies}",
  journal = {\apj},
archivePrefix = "arXiv",
   eprint = {1007.2880},
 keywords = {dark matter, galaxies: elliptical and lenticular, cD, galaxies: fundamental parameters, galaxies: structure, gravitational lensing: strong},
     year = 2010,
    month = nov,
   volume = 724,
    pages = {511-525},
      doi = {10.1088/0004-637X/724/1/511},
   adsurl = {http://adsabs.harvard.edu/abs/2010ApJ...724..511A},
  adsnote = {Provided by the SAO/NASA Astrophysics Data System}
}

@ARTICLE{2010A&A...523A..21G,
   author = {{Guennou}, L. and {Adami}, C. and {Ulmer}, M.~P. and {Lebrun}, V. and
	{Durret}, F. and {Johnston}, D. and {Ilbert}, O. and {Clowe}, D. and
	{Gavazzi}, R. and {Murphy}, K. and {Schrabback}, T. and {Allam}, S. and
	{Annis}, J. and {Basa}, S. and {Benoist}, C. and {Biviano}, A. and
	{Cappi}, A. and {Kubo}, J.~M. and {Marshall}, P. and {Mazure}, A. and
	{Rostagni}, F. and {Russeil}, D. and {Slezak}, E.},
    title = "{The DAFT/FADA survey. I. Photometric redshifts along lines of sight to clusters in the z = [0.4, 0.9] interval}",
  journal = {\aap},
archivePrefix = "arXiv",
   eprint = {1008.5318},
 primaryClass = "astro-ph.CO",
 keywords = {surveys, galaxies: clusters: general, galaxies: distances and redshifts, cosmological parameters, dark energy},
     year = 2010,
    month = nov,
   volume = 523,
      eid = {A21},
    pages = {A21},
      doi = {10.1051/0004-6361/201015174},
   adsurl = {http://adsabs.harvard.edu/abs/2010A%26A...523A..21G},
  adsnote = {Provided by the SAO/NASA Astrophysics Data System}
}

@ARTICLE{2010ApJ...721L.163A,
   author = {{Auger}, M.~W. and {Treu}, T. and {Gavazzi}, R. and {Bolton}, A.~S. and
	{Koopmans}, L.~V.~E. and {Marshall}, P.~J.},
    title = "{Dark Matter Contraction and the Stellar Content of Massive Early-type Galaxies: Disfavoring ''Light'' Initial Mass Functions}",
  journal = {\apjl},
archivePrefix = "arXiv",
   eprint = {1007.2409},
 keywords = {dark matter, galaxies: elliptical and lenticular, cD, galaxies: halos, galaxies: structure},
     year = 2010,
    month = oct,
   volume = 721,
    pages = {L163-L167},
      doi = {10.1088/2041-8205/721/2/L163},
   adsurl = {http://adsabs.harvard.edu/abs/2010ApJ...721L.163A},
  adsnote = {Provided by the SAO/NASA Astrophysics Data System}
}

@ARTICLE{2010ApJ...721.1941S,
   author = {{Schmidt}, K.~B. and {Marshall}, P.~J. and {Rix}, H.-W. and
	{Jester}, S. and {Hennawi}, J.~F. and {Dobler}, G.},
    title = "{Erratum: ''Selecting Quasars by their Intrinsic Variability'' (2010, ApJ, 714, 1194)}",
  journal = {\apj},
     year = 2010,
    month = oct,
   volume = 721,
    pages = {1941},
      doi = {10.1088/0004-637X/721/2/1941},
   adsurl = {http://adsabs.harvard.edu/abs/2010ApJ...721.1941S},
  adsnote = {Provided by the SAO/NASA Astrophysics Data System}
}

@ARTICLE{2010MNRAS.406.2452M,
   author = {{Morganson}, E. and {Marshall}, P. and {Treu}, T. and {Schrabback}, T. and
	{Blandford}, R.~D.},
    title = "{Direct observation of cosmic strings via their strong gravitational lensing effect - II. Results from the HST/ACS image archive}",
  journal = {\mnras},
archivePrefix = "arXiv",
   eprint = {0908.0602},
 keywords = {gravitational lensing: strong, surveys, cosmology: observations},
     year = 2010,
    month = aug,
   volume = 406,
    pages = {2452-2472},
      doi = {10.1111/j.1365-2966.2010.16562.x},
   adsurl = {http://adsabs.harvard.edu/abs/2010MNRAS.406.2452M},
  adsnote = {Provided by the SAO/NASA Astrophysics Data System}
}

@ARTICLE{2010MNRAS.406..121M,
   author = {{Ma}, C.-J. and {Ebeling}, H. and {Marshall}, P. and {Schrabback}, T.
	},
    title = "{The impact of a major cluster merger on galaxy evolution in MACSJ0025.4-1225}",
  journal = {\mnras},
archivePrefix = "arXiv",
   eprint = {1003.2631},
 keywords = {galaxies: clusters: individual: MACSJ0025.4-1225, galaxies: elliptical and lenticular, galaxies: evolution, galaxies: starburst},
     year = 2010,
    month = jul,
   volume = 406,
    pages = {121-136},
      doi = {10.1111/j.1365-2966.2010.16673.x},
   adsurl = {http://adsabs.harvard.edu/abs/2010MNRAS.406..121M},
  adsnote = {Provided by the SAO/NASA Astrophysics Data System}
}

@ARTICLE{2010MNRAS.405.2579O,
   author = {{Oguri}, M. and {Marshall}, P.~J.},
    title = "{Gravitationally lensed quasars and supernovae in future wide-field optical imaging surveys}",
  journal = {\mnras},
archivePrefix = "arXiv",
   eprint = {1001.2037},
 keywords = {gravitational lensing: strong, cosmological parameters, cosmology: theory},
     year = 2010,
    month = jul,
   volume = 405,
    pages = {2579-2593},
      doi = {10.1111/j.1365-2966.2010.16639.x},
   adsurl = {http://adsabs.harvard.edu/abs/2010MNRAS.405.2579O},
  adsnote = {Provided by the SAO/NASA Astrophysics Data System}
}

@ARTICLE{2010MNRAS.405..777L,
   author = {{Limousin}, M. and {Ebeling}, H. and {Ma}, C.-J. and {Swinbank}, A.~M. and
	{Smith}, G.~P. and {Richard}, J. and {Edge}, A.~C. and {Jauzac}, M. and
	{Kneib}, J.-P. and {Marshall}, P. and {Schrabback}, T.},
    title = "{MACS J1423.8+2404: gravitational lensing by a massive, relaxed cluster of galaxies at z = 0.54}",
  journal = {\mnras},
archivePrefix = "arXiv",
   eprint = {0911.4125},
 keywords = {gravitational lensing, galaxies: clusters: individual: MACS J1423.8+2404},
     year = 2010,
    month = jun,
   volume = 405,
    pages = {777-782},
      doi = {10.1111/j.1365-2966.2010.16518.x},
   adsurl = {http://adsabs.harvard.edu/abs/2010MNRAS.405..777L},
  adsnote = {Provided by the SAO/NASA Astrophysics Data System}
}

@ARTICLE{2010ApJ...716.1579L,
   author = {{Lagattuta}, D.~J. and {Fassnacht}, C.~D. and {Auger}, M.~W. and
	{Marshall}, P.~J. and {Brada{\v c}}, M. and {Treu}, T. and {Gavazzi}, R. and
	{Schrabback}, T. and {Faure}, C. and {Anguita}, T.},
    title = "{Cosmic Evolution of Virial and Stellar Mass in Massive Early-type Galaxies}",
  journal = {\apj},
archivePrefix = "arXiv",
   eprint = {0911.2236},
 keywords = {dark matter, galaxies: elliptical and lenticular, cD, galaxies: evolution, galaxies: structure, gravitational lensing: strong, gravitational lensing: weak},
     year = 2010,
    month = jun,
   volume = 716,
    pages = {1579-1595},
      doi = {10.1088/0004-637X/716/2/1579},
   adsurl = {http://adsabs.harvard.edu/abs/2010ApJ...716.1579L},
  adsnote = {Provided by the SAO/NASA Astrophysics Data System}
}

@ARTICLE{2010A&A...516A..63S,
   author = {{Schrabback}, T. and {Hartlap}, J. and {Joachimi}, B. and {Kilbinger}, M. and
	{Simon}, P. and {Benabed}, K. and {Brada{\v c}}, M. and {Eifler}, T. and
	{Erben}, T. and {Fassnacht}, C.~D. and {High}, F.~W. and {Hilbert}, S. and
	{Hildebrandt}, H. and {Hoekstra}, H. and {Kuijken}, K. and {Marshall}, P.~J. and
	{Mellier}, Y. and {Morganson}, E. and {Schneider}, P. and {Semboloni}, E. and
	{van Waerbeke}, L. and {Velander}, M.},
    title = "{Evidence of the accelerated expansion of the Universe from weak lensing tomography with COSMOS}",
  journal = {\aap},
archivePrefix = "arXiv",
   eprint = {0911.0053},
 keywords = {cosmological parameters, dark matter, large-scale structure of Universe, gravitational lensing: weak},
     year = 2010,
    month = jun,
   volume = 516,
      eid = {A63},
    pages = {A63},
      doi = {10.1051/0004-6361/200913577},
   adsurl = {http://adsabs.harvard.edu/abs/2010A%26A...516A..63S},
  adsnote = {Provided by the SAO/NASA Astrophysics Data System}
}

@ARTICLE{2010ApJ...714.1194S,
   author = {{Schmidt}, K.~B. and {Marshall}, P.~J. and {Rix}, H.-W. and
	{Jester}, S. and {Hennawi}, J.~F. and {Dobler}, G.},
    title = "{Selecting Quasars by Their Intrinsic Variability}",
  journal = {\apj},
archivePrefix = "arXiv",
   eprint = {1002.2642},
 keywords = {methods: observational, quasars: general, surveys},
     year = 2010,
    month = may,
   volume = 714,
    pages = {1194-1208},
      doi = {10.1088/0004-637X/714/2/1194},
   adsurl = {http://adsabs.harvard.edu/abs/2010ApJ...714.1194S},
  adsnote = {Provided by the SAO/NASA Astrophysics Data System}
}

@ARTICLE{2010ApJ...714...25G,
   author = {{Gallo}, E. and {Treu}, T. and {Marshall}, P.~J. and {Woo}, J.-H. and
	{Leipski}, C. and {Antonucci}, R.},
    title = "{AMUSE-Virgo. II. Down-sizing in Black Hole Accretion}",
  journal = {\apj},
archivePrefix = "arXiv",
   eprint = {1002.3619},
 primaryClass = "astro-ph.HE",
 keywords = {black hole physics, galaxies: clusters: individual: Virgo},
     year = 2010,
    month = may,
   volume = 714,
    pages = {25-36},
      doi = {10.1088/0004-637X/714/1/25},
   adsurl = {http://adsabs.harvard.edu/abs/2010ApJ...714...25G},
  adsnote = {Provided by the SAO/NASA Astrophysics Data System}
}

@ARTICLE{2010ApJ...711..201S,
   author = {{Suyu}, S.~H. and {Marshall}, P.~J. and {Auger}, M.~W. and {Hilbert}, S. and
	{Blandford}, R.~D. and {Koopmans}, L.~V.~E. and {Fassnacht}, C.~D. and
	{Treu}, T.},
    title = "{Dissecting the Gravitational lens B1608+656. II. Precision Measurements of the Hubble Constant, Spatial Curvature, and the Dark Energy Equation of State}",
  journal = {\apj},
archivePrefix = "arXiv",
   eprint = {0910.2773},
 primaryClass = "astro-ph.CO",
 keywords = {cosmology: observations, distance scale, galaxies: individual: B1608+656, gravitational lensing: strong, methods: data analysis},
     year = 2010,
    month = mar,
   volume = 711,
    pages = {201-221},
      doi = {10.1088/0004-637X/711/1/201},
   adsurl = {http://adsabs.harvard.edu/abs/2010ApJ...711..201S},
  adsnote = {Provided by the SAO/NASA Astrophysics Data System}
}

@ARTICLE{2010ApJ...709.1195T,
   author = {{Treu}, T. and {Auger}, M.~W. and {Koopmans}, L.~V.~E. and {Gavazzi}, R. and
	{Marshall}, P.~J. and {Bolton}, A.~S.},
    title = "{The Initial Mass Function of Early-Type Galaxies}",
  journal = {\apj},
archivePrefix = "arXiv",
   eprint = {0911.3392},
 keywords = {galaxies: elliptical and lenticular, cD, galaxies: evolution, galaxies: formation, galaxies: structure},
     year = 2010,
    month = feb,
   volume = 709,
    pages = {1195-1202},
      doi = {10.1088/0004-637X/709/2/1195},
   adsurl = {http://adsabs.harvard.edu/abs/2010ApJ...709.1195T},
  adsnote = {Provided by the SAO/NASA Astrophysics Data System}
}

@ARTICLE{2009ApJ...707..936S,
   author = {{Shields}, G.~A. and {Rosario}, D.~J. and {Smith}, K.~L. and
	{Bonning}, E.~W. and {Salviander}, S. and {Kalirai}, J.~S. and
	{Strickler}, R. and {Ramirez-Ruiz}, E. and {Dutton}, A.~A. and
	{Treu}, T. and {Marshall}, P.~J.},
    title = "{The Quasar SDSS J105041.35+345631.3: Black Hole Recoil or Extreme Double-Peaked Emitter?}",
  journal = {\apj},
archivePrefix = "arXiv",
   eprint = {0907.3470},
 keywords = {black hole physics, galaxies: active, quasars: general},
     year = 2009,
    month = dec,
   volume = 707,
    pages = {936-941},
      doi = {10.1088/0004-637X/707/2/936},
   adsurl = {http://adsabs.harvard.edu/abs/2009ApJ...707..936S},
  adsnote = {Provided by the SAO/NASA Astrophysics Data System}
}

@ARTICLE{2009ApJ...706.1201B,
   author = {{Brada{\v c}}, M. and {Treu}, T. and {Applegate}, D. and {Gonzalez}, A.~H. and
	{Clowe}, D. and {Forman}, W. and {Jones}, C. and {Marshall}, P. and
	{Schneider}, P. and {Zaritsky}, D.},
    title = "{Focusing Cosmic Telescopes: Exploring Redshift z \~{} 5-6 Galaxies with the Bullet Cluster 1E0657 - 56}",
  journal = {\apj},
archivePrefix = "arXiv",
   eprint = {0910.2708},
 keywords = {dark matter, galaxies: clusters: individual: 1E0657-56, galaxies: high-redshift, gravitational lensing},
     year = 2009,
    month = dec,
   volume = 706,
    pages = {1201-1212},
      doi = {10.1088/0004-637X/706/2/1201},
   adsurl = {http://adsabs.harvard.edu/abs/2009ApJ...706.1201B},
  adsnote = {Provided by the SAO/NASA Astrophysics Data System}
}

@ARTICLE{2009ApJ...706.1078N,
   author = {{Newman}, A.~B. and {Treu}, T. and {Ellis}, R.~S. and {Sand}, D.~J. and
	{Richard}, J. and {Marshall}, P.~J. and {Capak}, P. and {Miyazaki}, S.
	},
    title = "{The Distribution of Dark Matter Over Three Decades in Radius in the Lensing Cluster Abell 611}",
  journal = {\apj},
archivePrefix = "arXiv",
   eprint = {0909.3527},
 keywords = {dark matter, galaxies: clusters: individual: Abell 611, galaxies: elliptical and lenticular, cD, galaxies: formation, gravitational lensing},
     year = 2009,
    month = dec,
   volume = 706,
    pages = {1078-1094},
      doi = {10.1088/0004-637X/706/2/1078},
   adsurl = {http://adsabs.harvard.edu/abs/2009ApJ...706.1078N},
  adsnote = {Provided by the SAO/NASA Astrophysics Data System}
}

@ARTICLE{2009ApJ...705.1099A,
   author = {{Auger}, M.~W. and {Treu}, T. and {Bolton}, A.~S. and {Gavazzi}, R. and
	{Koopmans}, L.~V.~E. and {Marshall}, P.~J. and {Bundy}, K. and
	{Moustakas}, L.~A.},
    title = "{The Sloan Lens ACS Survey. IX. Colors, Lensing, and Stellar Masses of Early-Type Galaxies}",
  journal = {\apj},
archivePrefix = "arXiv",
   eprint = {0911.2471},
 keywords = {galaxies: elliptical and lenticular, cD, gravitational lensing, surveys},
     year = 2009,
    month = nov,
   volume = 705,
    pages = {1099-1115},
      doi = {10.1088/0004-637X/705/2/1099},
   adsurl = {http://adsabs.harvard.edu/abs/2009ApJ...705.1099A},
  adsnote = {Provided by the SAO/NASA Astrophysics Data System}
}

@ARTICLE{2009MNRAS.399....2O,
   author = {{Orban de Xivry}, G. and {Marshall}, P.},
    title = "{An atlas of predicted exotic gravitational lenses}",
  journal = {\mnras},
archivePrefix = "arXiv",
   eprint = {0904.1454},
 keywords = {gravitational lensing , surveys},
     year = 2009,
    month = oct,
   volume = 399,
    pages = {2-20},
      doi = {10.1111/j.1365-2966.2009.14925.x},
   adsurl = {http://adsabs.harvard.edu/abs/2009MNRAS.399....2O},
  adsnote = {Provided by the SAO/NASA Astrophysics Data System}
}

@ARTICLE{2009A&A...502..445L,
   author = {{Limousin}, M. and {Cabanac}, R. and {Gavazzi}, R. and {Kneib}, J.-P. and
	{Motta}, V. and {Richard}, J. and {Thanjavur}, K. and {Foex}, G. and
	{Pello}, R. and {Crampton}, D. and {Faure}, C. and {Fort}, B. and
	{Jullo}, E. and {Marshall}, P. and {Mellier}, Y. and {More}, A. and
	{Soucail}, G. and {Suyu}, S. and {Swinbank}, M. and {Sygnet}, J.-F. and
	{Tu}, H. and {Valls-Gabaud}, D. and {Verdugo}, T. and {Willis}, J.
	},
    title = "{A new window of exploration in the mass spectrum: strong lensing by galaxy groups in the SL2S}",
  journal = {\aap},
archivePrefix = "arXiv",
   eprint = {0812.1033},
 keywords = {gravitational lensing: cosmology: large-scale structure of Universe},
     year = 2009,
    month = aug,
   volume = 502,
    pages = {445-456},
      doi = {10.1051/0004-6361/200811473},
   adsurl = {http://adsabs.harvard.edu/abs/2009A%26A...502..445L},
  adsnote = {Provided by the SAO/NASA Astrophysics Data System}
}

@ARTICLE{2009A&A...501..475T,
   author = {{Tu}, H. and {Gavazzi}, R. and {Limousin}, M. and {Cabanac}, R. and
	{Marshall}, P.~J. and {Fort}, B. and {Treu}, T. and {P{\'e}llo}, R. and
	{Jullo}, E. and {Kneib}, J.-P. and {Sygnet}, J.-F.},
    title = "{The mass profile of early-type galaxies in overdense environments: the case of the double source-plane gravitational lens SL2SJ02176-0513}",
  journal = {\aap},
archivePrefix = "arXiv",
   eprint = {0902.4804},
 keywords = {gravitational lensing, Galaxy: general, dark matter},
     year = 2009,
    month = jul,
   volume = 501,
    pages = {475-484},
      doi = {10.1051/0004-6361/200911963},
   adsurl = {http://adsabs.harvard.edu/abs/2009A%26A...501..475T},
  adsnote = {Provided by the SAO/NASA Astrophysics Data System}
}

@ARTICLE{2009ApJ...696.1125N,
   author = {{Newton}, E.~R. and {Marshall}, P.~J. and {Treu}, T.},
    title = "{Enhanced Lensing Rate by Clustering of Massive Galaxies: Newly Discovered Systems in the Slacs Fields}",
  journal = {\apj},
archivePrefix = "arXiv",
   eprint = {0810.3934},
 keywords = {gravitational lensing, surveys, techniques: miscellaneous},
     year = 2009,
    month = may,
   volume = 696,
    pages = {1125-1141},
      doi = {10.1088/0004-637X/696/2/1125},
   adsurl = {http://adsabs.harvard.edu/abs/2009ApJ...696.1125N},
  adsnote = {Provided by the SAO/NASA Astrophysics Data System}
}

@ARTICLE{2009ApJ...694..924M,
   author = {{Marshall}, P.~J. and {Hogg}, D.~W. and {Moustakas}, L.~A. and
	{Fassnacht}, C.~D. and {Brada{\v c}}, M. and {Schrabback}, T. and
	{Blandford}, R.~D.},
    title = "{Automated Detection of Galaxy-Scale Gravitational Lenses in High-Resolution Imaging Data}",
  journal = {\apj},
archivePrefix = "arXiv",
   eprint = {0805.1469},
 keywords = {galaxies: elliptical and lenticular, cD, gravitational lensing, methods: data analysis, methods: statistical, surveys, techniques: miscellaneous},
     year = 2009,
    month = apr,
   volume = 694,
    pages = {924-942},
      doi = {10.1088/0004-637X/694/2/924},
   adsurl = {http://adsabs.harvard.edu/abs/2009ApJ...694..924M},
  adsnote = {Provided by the SAO/NASA Astrophysics Data System}
}

@ARTICLE{2009ApJ...692.1690T,
   author = {{Treu}, T. and {Gavazzi}, R. and {Gorecki}, A. and {Marshall}, P.~J. and
	{Koopmans}, L.~V.~E. and {Bolton}, A.~S. and {Moustakas}, L.~A. and
	{Burles}, S.},
    title = "{Erratum: ''The SLACS Survey. VIII. The Relation Between Environment and Internal Structure of Early-Type Galaxies'' (2009, ApJ, 690, 670)}",
  journal = {\apj},
     year = 2009,
    month = feb,
   volume = 692,
    pages = {1690},
      doi = {10.1088/0004-637X/692/2/1690},
   adsurl = {http://adsabs.harvard.edu/abs/2009ApJ...692.1690T},
  adsnote = {Provided by the SAO/NASA Astrophysics Data System}
}

@ARTICLE{2009JCAP...01..015B,
   author = {{Baltz}, E.~A. and {Marshall}, P. and {Oguri}, M.},
    title = "{Analytic models of plausible gravitational lens potentials}",
  journal = {\jcap},
archivePrefix = "arXiv",
   eprint = {0705.0682},
     year = 2009,
    month = jan,
   volume = 1,
      eid = {015},
    pages = {015},
      doi = {10.1088/1475-7516/2009/01/015},
   adsurl = {http://adsabs.harvard.edu/abs/2009JCAP...01..015B},
  adsnote = {Provided by the SAO/NASA Astrophysics Data System}
}

@ARTICLE{2009ApJ...691..277S,
   author = {{Suyu}, S.~H. and {Marshall}, P.~J. and {Blandford}, R.~D. and
	{Fassnacht}, C.~D. and {Koopmans}, L.~V.~E. and {McKean}, J.~P. and
	{Treu}, T.},
    title = "{Dissecting the Gravitational Lens B1608+656. I. Lens Potential Reconstruction}",
  journal = {\apj},
archivePrefix = "arXiv",
   eprint = {0804.2827},
 keywords = {black hole physics, galaxies: nuclei, gravitational waves, relativity},
     year = 2009,
    month = jan,
   volume = 691,
    pages = {277-298},
      doi = {10.1088/0004-637X/691/1/277},
   adsurl = {http://adsabs.harvard.edu/abs/2009ApJ...691..277S},
  adsnote = {Provided by the SAO/NASA Astrophysics Data System}
}

@ARTICLE{2009ApJ...690..670T,
   author = {{Treu}, T. and {Gavazzi}, R. and {Gorecki}, A. and {Marshall}, P.~J. and
	{Koopmans}, L.~V.~E. and {Bolton}, A.~S. and {Moustakas}, L.~A. and
	{Burles}, S.},
    title = "{The SLACS Survey. VIII. The Relation between Environment and Internal Structure of Early-Type Galaxies}",
  journal = {\apj},
archivePrefix = "arXiv",
   eprint = {0806.1056},
 keywords = {galaxies: elliptical and lenticular, cD, galaxies: evolution, galaxies: formation, galaxies: structure, gravitational lensing},
     year = 2009,
    month = jan,
   volume = 690,
    pages = {670-682},
      doi = {10.1088/0004-637X/690/1/670},
   adsurl = {http://adsabs.harvard.edu/abs/2009ApJ...690..670T},
  adsnote = {Provided by the SAO/NASA Astrophysics Data System}
}

@ARTICLE{2008MNRAS.391.1545Z,
   author = {{Zwart}, J.~T.~L. and {Barker}, R.~W. and {Biddulph}, P. and
	{Bly}, D. and {Boysen}, R.~C. and {Brown}, A.~R. and {Clementson}, C. and
	{Crofts}, M. and {Culverhouse}, T.~L. and {Czeres}, J. and {Dace}, R.~J. and
	{Davies}, M.~L. and {D'Alessandro}, R. and {Doherty}, P. and
	{Duggan}, K. and {Ely}, J.~A. and {Felvus}, M. and {Feroz}, F. and
	{Flynn}, W. and {Franzen}, T.~M.~O. and {Geisb{\"u}sch}, J. and
	{G{\'e}nova-Santos}, R. and {Grainge}, K.~J.~B. and {Grainger}, W.~F. and
	{Hammett}, D. and {Hills}, R.~E. and {Hobson}, M.~P. and {Holler}, C.~M. and
	{Hurley-Walker}, N. and {Jilley}, R. and {Jones}, M.~E. and
	{Kaneko}, T. and {Kneissl}, R. and {Lancaster}, K. and {Lasenby}, A.~N. and
	{Marshall}, P.~J. and {Newton}, F. and {Norris}, O. and {Northrop}, I. and
	{Odell}, D.~M. and {Petencin}, G. and {Pober}, J.~C. and {Pooley}, G.~G. and
	{Pospieszalski}, M.~W. and {Quy}, V. and {Rodr{\'{\i}}guez-Gonz{\'a}lvez}, C. and
	{Saunders}, R.~D.~E. and {Scaife}, A.~M.~M. and {Schofield}, J. and
	{Scott}, P.~F. and {Shaw}, C. and {Shimwell}, T.~W. and {Smith}, H. and
	{Taylor}, A.~C. and {Titterington}, D.~J. and {Veli{\'c}}, M. and
	{Waldram}, E.~M. and {West}, S. and {Wood}, B.~A. and {Yassin}, G. and
	{AMI Consortium}},
    title = "{The Arcminute Microkelvin Imager}",
  journal = {\mnras},
archivePrefix = "arXiv",
   eprint = {0807.2469},
 keywords = {instrumentation: interferometers , telescopes , galaxies: clusters: general , cosmic microwave background , cosmology: observations , radio continuum: general},
     year = 2008,
    month = dec,
   volume = 391,
    pages = {1545-1558},
      doi = {10.1111/j.1365-2966.2008.13953.x},
   adsurl = {http://adsabs.harvard.edu/abs/2008MNRAS.391.1545Z},
  adsnote = {Provided by the SAO/NASA Astrophysics Data System}
}

@ARTICLE{2008ApJ...686..485S,
   author = {{Smith}, N. and {Foley}, R.~J. and {Bloom}, J.~S. and {Li}, W. and
	{Filippenko}, A.~V. and {Gavazzi}, R. and {Ghez}, A. and {Konopacky}, Q. and
	{Malkan}, M.~A. and {Marshall}, P.~J. and {Pooley}, D. and {Treu}, T. and
	{Woo}, J.-H.},
    title = "{Late-Time Observations of SN 2006gy: Still Going Strong}",
  journal = {\apj},
archivePrefix = "arXiv",
   eprint = {0802.1743},
 keywords = {circumstellar matter, stars: evolution, supernovae: individual: SN 2006gy },
     year = 2008,
    month = oct,
   volume = 686,
      eid = {485-491},
    pages = {485-491},
      doi = {10.1086/590141},
   adsurl = {http://adsabs.harvard.edu/abs/2008ApJ...686..485S},
  adsnote = {Provided by the SAO/NASA Astrophysics Data System}
}

@ARTICLE{2008ApJ...681..187B,
   author = {{Brada{\v c}}, M. and {Schrabback}, T. and {Erben}, T. and {McCourt}, M. and
	{Million}, E. and {Mantz}, A. and {Allen}, S. and {Blandford}, R. and
	{Halkola}, A. and {Hildebrandt}, H. and {Lombardi}, M. and {Marshall}, P. and
	{Schneider}, P. and {Treu}, T. and {Kneib}, J.-P.},
    title = "{Dark Matter and Baryons in the X-Ray Luminous Merging Galaxy Cluster RX J1347.5{\ndash}1145}",
  journal = {\apj},
archivePrefix = "arXiv",
   eprint = {0711.4850},
 keywords = {dark matter, galaxies: clusters: individual: RX J1347.5-1145, gravitational lensing },
     year = 2008,
    month = jul,
   volume = 681,
      eid = {187-196},
    pages = {187-196},
      doi = {10.1086/588377},
   adsurl = {http://adsabs.harvard.edu/abs/2008ApJ...681..187B},
  adsnote = {Provided by the SAO/NASA Astrophysics Data System}
}

@ARTICLE{2008ApJ...680..154G,
   author = {{Gallo}, E. and {Treu}, T. and {Jacob}, J. and {Woo}, J.-H. and
	{Marshall}, P.~J. and {Antonucci}, R.},
    title = "{AMUSE-Virgo. I. Supermassive Black Holes in Low-Mass Spheroids}",
  journal = {\apj},
archivePrefix = "arXiv",
   eprint = {0711.2073},
 keywords = {black hole physics, galaxies: clusters: individual: Virgo, galaxies: nuclei },
     year = 2008,
    month = jun,
   volume = 680,
      eid = {154-168},
    pages = {154-168},
      doi = {10.1086/588012},
   adsurl = {http://adsabs.harvard.edu/abs/2008ApJ...680..154G},
  adsnote = {Provided by the SAO/NASA Astrophysics Data System}
}

@ARTICLE{2008CAPJ....3....4M,
   author = {{Marshall}, P.},
    title = "{Explained in 60 Seconds - Gravitational Lenses}",
  journal = {Communicating Astronomy with the Public Journal},
     year = 2008,
    month = may,
   volume = 3,
    pages = {4},
   adsurl = {http://adsabs.harvard.edu/abs/2008CAPJ....3....4M},
  adsnote = {Provided by the SAO/NASA Astrophysics Data System}
}

@ARTICLE{2008MNRAS.385.1959G,
   author = {{Gasparini}, M.~A. and {Marshall}, P. and {Treu}, T. and {Morganson}, E. and
	{Dubath}, F.},
    title = "{Direct observation of cosmic strings via their strong gravitational lensing effect - I. Predictions for high-resolution imaging surveys}",
  journal = {\mnras},
archivePrefix = "arXiv",
   eprint = {0710.5544},
 keywords = {gravitational lensing , surveys , cosmology: observations},
     year = 2008,
    month = apr,
   volume = 385,
    pages = {1959-1964},
      doi = {10.1111/j.1365-2966.2007.12657.x},
   adsurl = {http://adsabs.harvard.edu/abs/2008MNRAS.385.1959G},
  adsnote = {Provided by the SAO/NASA Astrophysics Data System}
}

@ARTICLE{2008ApJ...677.1046G,
   author = {{Gavazzi}, R. and {Treu}, T. and {Koopmans}, L.~V.~E. and {Bolton}, A.~S. and
	{Moustakas}, L.~A. and {Burles}, S. and {Marshall}, P.~J.},
    title = "{The Sloan Lens ACS Survey. VI. Discovery and Analysis of a Double Einstein Ring}",
  journal = {\apj},
archivePrefix = "arXiv",
   eprint = {0801.1555},
 keywords = {cosmological parameters, dark matter, galaxies: elliptical and lenticular, cD, galaxies: halos, galaxies: structure, gravitational lensing },
     year = 2008,
    month = apr,
   volume = 677,
      eid = {1046-1059},
    pages = {1046-1059},
      doi = {10.1086/529541},
   adsurl = {http://adsabs.harvard.edu/abs/2008ApJ...677.1046G},
  adsnote = {Provided by the SAO/NASA Astrophysics Data System}
}

@ARTICLE{2008ICRC....3.1527W,
   author = {{White}, R.~J. and {Rose}, H.~J. and {Bradbury}, S.~M. and {Daniel}, M. and
	{Marshall}, P.},
    title = "{The VERITAS Digital Asynchronous Transceiver}",
  journal = {International Cosmic Ray Conference},
     year = 2008,
   volume = 3,
    pages = {1527-1530},
   adsurl = {http://adsabs.harvard.edu/abs/2008ICRC....3.1527W},
  adsnote = {Provided by the SAO/NASA Astrophysics Data System}
}

@ARTICLE{2007ApJ...671.1196M,
   author = {{Marshall}, P.~J. and {Treu}, T. and {Melbourne}, J. and {Gavazzi}, R. and
	{Bundy}, K. and {Ammons}, S.~M. and {Bolton}, A.~S. and {Burles}, S. and
	{Larkin}, J.~E. and {Le Mignant}, D. and {Koo}, D.~C. and {Koopmans}, L.~V.~E. and
	{Max}, C.~E. and {Moustakas}, L.~A. and {Steinbring}, E. and
	{Wright}, S.~A.},
    title = "{Superresolving Distant Galaxies with Gravitational Telescopes: Keck Laser Guide Star Adaptive Optics and Hubble Space Telescope Imaging of the Lens System SDSS J0737+3216}",
  journal = {\apj},
archivePrefix = "arXiv",
   eprint = {0710.0637},
 keywords = {Galaxies: Fundamental Parameters, Cosmology: Gravitational Lensing, Instrumentation: Adaptive Optics, Methods: Data Analysis, Techniques: High Anular Resolution},
     year = 2007,
    month = dec,
   volume = 671,
    pages = {1196-1211},
      doi = {10.1086/523091},
   adsurl = {http://adsabs.harvard.edu/abs/2007ApJ...671.1196M},
  adsnote = {Provided by the SAO/NASA Astrophysics Data System}
}

@ARTICLE{2007ApJ...660L..31M,
   author = {{Moustakas}, L.~A. and {Marshall}, P. and {Newman}, J.~A. and
	{Coil}, A.~L. and {Cooper}, M.~C. and {Davis}, M. and {Fassnacht}, C.~D. and
	{Guhathakurta}, P. and {Hopkins}, A. and {Koekemoer}, A. and
	{Konidaris}, N.~P. and {Lotz}, J.~M. and {Willmer}, C.~N.~A.
	},
    title = "{A Strong-Lens Survey in AEGIS: The Influence of Large-Scale Structure}",
  journal = {\apjl},
   eprint = {astro-ph/0607239},
 keywords = {Cosmology: Gravitational Lensing, Galaxies: High-Redshift, galaxies: individual (HST J141735+522646), galaxies: individual (HST J141820+523611), galaxies: individual (HST J141833+524352), Cosmology: Large-Scale Structure of Universe-},
     year = 2007,
    month = may,
   volume = 660,
    pages = {L31-L34},
      doi = {10.1086/517930},
   adsurl = {http://adsabs.harvard.edu/abs/2007ApJ...660L..31M},
  adsnote = {Provided by the SAO/NASA Astrophysics Data System}
}

@ARTICLE{2007ApJ...660L...1D,
   author = {{Davis}, M. and {Guhathakurta}, P. and {Konidaris}, N.~P. and
	{Newman}, J.~A. and {Ashby}, M.~L.~N. and {Biggs}, A.~D. and
	{Barmby}, P. and {Bundy}, K. and {Chapman}, S.~C. and {Coil}, A.~L. and
	{Conselice}, C.~J. and {Cooper}, M.~C. and {Croton}, D.~J. and
	{Eisenhardt}, P.~R.~M. and {Ellis}, R.~S. and {Faber}, S.~M. and
	{Fang}, T. and {Fazio}, G.~G. and {Georgakakis}, A. and {Gerke}, B.~F. and
	{Goss}, W.~M. and {Gwyn}, S. and {Harker}, J. and {Hopkins}, A.~M. and
	{Huang}, J.-S. and {Ivison}, R.~J. and {Kassin}, S.~A. and {Kirby}, E.~N. and
	{Koekemoer}, A.~M. and {Koo}, D.~C. and {Laird}, E.~S. and {Le Floc'h}, E. and
	{Lin}, L. and {Lotz}, J.~M. and {Marshall}, P.~J. and {Martin}, D.~C. and
	{Metevier}, A.~J. and {Moustakas}, L.~A. and {Nandra}, K. and
	{Noeske}, K.~G. and {Papovich}, C. and {Phillips}, A.~C. and
	{Rich}, R.~M. and {Rieke}, G.~H. and {Rigopoulou}, D. and {Salim}, S. and
	{Schiminovich}, D. and {Simard}, L. and {Smail}, I. and {Small}, T.~A. and
	{Weiner}, B.~J. and {Willmer}, C.~N.~A. and {Willner}, S.~P. and
	{Wilson}, G. and {Wright}, E.~L. and {Yan}, R.},
    title = "{The All-Wavelength Extended Groth Strip International Survey (AEGIS) Data Sets}",
  journal = {\apjl},
   eprint = {astro-ph/0607355},
 keywords = {Galaxies: Photometry, Infrared: Galaxies, Radio Continuum: Galaxies, Surveys, Ultraviolet: Galaxies, X-Rays: Galaxies},
     year = 2007,
    month = may,
   volume = 660,
    pages = {L1-L6},
      doi = {10.1086/517931},
   adsurl = {http://adsabs.harvard.edu/abs/2007ApJ...660L...1D},
  adsnote = {Provided by the SAO/NASA Astrophysics Data System}
}

@ARTICLE{2007ApJ...655..109P,
   author = {{Peterson}, J.~R. and {Marshall}, P.~J. and {Andersson}, K.},
    title = "{Smoothed Particle Inference: A Kilo-Parametric Method for X-Ray Galaxy Cluster Modeling}",
  journal = {\apj},
   eprint = {astro-ph/0507613},
 keywords = {Methods: Data Analysis, X-Rays: Galaxies: Clusters},
     year = 2007,
    month = jan,
   volume = 655,
    pages = {109-127},
      doi = {10.1086/509095},
   adsurl = {http://adsabs.harvard.edu/abs/2007ApJ...655..109P},
  adsnote = {Provided by the SAO/NASA Astrophysics Data System}
}

@ARTICLE{2006MNRAS.372.1289M,
   author = {{Marshall}, P.},
    title = "{Physical component analysis of galaxy cluster weak gravitational lensing data}",
  journal = {\mnras},
   eprint = {astro-ph/0511287},
 keywords = {gravitational lensing, methods: data analysis, galaxies: clusters: general},
     year = 2006,
    month = nov,
   volume = 372,
    pages = {1289-1298},
      doi = {10.1111/j.1365-2966.2006.10935.x},
   adsurl = {http://adsabs.harvard.edu/abs/2006MNRAS.372.1289M},
  adsnote = {Provided by the SAO/NASA Astrophysics Data System}
}

@ARTICLE{2006MNRAS.371..983S,
   author = {{Suyu}, S.~H. and {Marshall}, P.~J. and {Hobson}, M.~P. and
	{Blandford}, R.~D.},
    title = "{A Bayesian analysis of regularized source inversions in gravitational lensing}",
  journal = {\mnras},
   eprint = {astro-ph/0601493},
 keywords = {gravitational lensing: methods: data analysis, gravitational lensing, methods: data analysis},
     year = 2006,
    month = sep,
   volume = 371,
    pages = {983-998},
      doi = {10.1111/j.1365-2966.2006.10733.x},
   adsurl = {http://adsabs.harvard.edu/abs/2006MNRAS.371..983S},
  adsnote = {Provided by the SAO/NASA Astrophysics Data System}
}

@ARTICLE{2006MNRAS.369L...1A,
   author = {{AMI Collaboration} and {Barker}, R. and {Biddulph}, P. and
	{Bly}, D. and {Boysen}, R. and {Brown}, A. and {Clementson}, C. and
	{Crofts}, M. and {Culverhouse}, T. and {Czeres}, J. and {Dace}, R. and
	{D'Alessandro}, R. and {Doherty}, P. and {Duffett-Smith}, P. and
	{Duggan}, K. and {Ely}, J. and {Felvus}, M. and {Flynn}, W. and
	{Geisb{\"u}sch}, J. and {Grainge}, K. and {Grainger}, W. and
	{Hammet}, D. and {Hills}, R. and {Hobson}, M. and {Holler}, C. and
	{Jilley}, R. and {Jones}, M.~E. and {Kaneko}, T. and {Kneissl}, R. and
	{Lancaster}, K. and {Lasenby}, A. and {Marshall}, P. and {Newton}, F. and
	{Norris}, O. and {Northrop}, I. and {Pooley}, G. and {Quy}, V. and
	{Saunders}, R.~D.~E. and {Scaife}, A. and {Schofield}, J. and
	{Scott}, P. and {Shaw}, C. and {Taylor}, A.~C. and {Titterington}, D. and
	{Veli{\'c}}, M. and {Waldram}, E. and {West}, S. and {Wood}, B. and
	{Yassin}, G. and {Zwart}, J.},
    title = "{High-significance Sunyaev-Zel'dovich measurement: Abell 1914 seen with the Arcminute Microkelvin Imager$^{*}$}",
  journal = {\mnras},
   eprint = {astro-ph/0509215},
 keywords = {galaxies: clusters: individual: A1914 , cosmic microwave background},
     year = 2006,
    month = jun,
   volume = 369,
    pages = {L1-L4},
      doi = {10.1111/j.1745-3933.2006.00151.x},
   adsurl = {http://adsabs.harvard.edu/abs/2006MNRAS.369L...1A},
  adsnote = {Provided by the SAO/NASA Astrophysics Data System}
}

@ARTICLE{2005NewAR..49..387M,
   author = {{Marshall}, P. and {Blandford}, R. and {Sako}, M.},
    title = "{The SNAP strong lens survey [review article]}",
  journal = {\nar},
   eprint = {astro-ph/0501328},
     year = 2005,
    month = nov,
   volume = 49,
    pages = {387-391},
      doi = {10.1016/j.newar.2005.08.009},
   adsurl = {http://adsabs.harvard.edu/abs/2005NewAR..49..387M},
  adsnote = {Provided by the SAO/NASA Astrophysics Data System}
}

@ARTICLE{2005MNRAS.359...16L,
   author = {{Lancaster}, K. and {Genova-Santos}, R. and {Falc{\`o}n}, N. and
	{Grainge}, K. and {Guti{\`e}rrez}, C. and {Kneissl}, R. and
	{Marshall}, P. and {Pooley}, G. and {Rebolo}, R. and {Rubi{\~n}o-Martin}, J.-A. and
	{Saunders}, R.~D.~E. and {Waldram}, E. and {Watson}, R.~A.},
    title = "{Very Small Array observations of the Sunyaev-Zel'dovich effect in nearby galaxy clusters}",
  journal = {\mnras},
   eprint = {astro-ph/0405582},
 keywords = {galaxies: clusters: general, cosmic microwave background, cosmology: observations, X-rays: galaxies: clusters},
     year = 2005,
    month = may,
   volume = 359,
    pages = {16-30},
      doi = {10.1111/j.1365-2966.2005.08696.x},
   adsurl = {http://adsabs.harvard.edu/abs/2005MNRAS.359...16L},
  adsnote = {Provided by the SAO/NASA Astrophysics Data System}
}

@ARTICLE{2003MNRAS.346..489M,
   author = {{Marshall}, P.~J. and {Hobson}, M.~P. and {Slosar}, A.},
    title = "{Bayesian joint analysis of cluster weak lensing and Sunyaev-Zel'dovich effect data}",
  journal = {\mnras},
   eprint = {astro-ph/0307098},
 keywords = {gravitational lensing, methods: data analysis, galaxies: clusters: general, cosmic microwave background, cosmology: observations},
     year = 2003,
    month = dec,
   volume = 346,
    pages = {489-500},
      doi = {10.1046/j.1365-2966.2003.07111.x},
   adsurl = {http://adsabs.harvard.edu/abs/2003MNRAS.346..489M},
  adsnote = {Provided by the SAO/NASA Astrophysics Data System}
}

@ARTICLE{2003ApJ...598..804K,
   author = {{Kneib}, J.-P. and {Hudelot}, P. and {Ellis}, R.~S. and {Treu}, T. and
	{Smith}, G.~P. and {Marshall}, P. and {Czoske}, O. and {Smail}, I. and
	{Natarajan}, P.},
    title = "{A Wide-Field Hubble Space Telescope Study of the Cluster Cl 0024+1654 at z=0.4. II. The Cluster Mass Distribution}",
  journal = {\apj},
   eprint = {astro-ph/0307299},
 keywords = {Cosmology: Observations, Cosmology: Dark Matter, Galaxies: Clusters: Individual: Alphanumeric: Cl 0024+1654, Cosmology: Gravitational Lensing},
     year = 2003,
    month = dec,
   volume = 598,
    pages = {804-817},
      doi = {10.1086/378633},
   adsurl = {http://adsabs.harvard.edu/abs/2003ApJ...598..804K},
  adsnote = {Provided by the SAO/NASA Astrophysics Data System}
}

@ARTICLE{2003MNRAS.341L..29S,
   author = {{Slosar}, A. and {Carreira}, P. and {Cleary}, K. and {Davies}, R.~D. and
	{Davis}, R.~J. and {Dickinson}, C. and {Genova-Santos}, R. and
	{Grainge}, K. and {Guti{\'e}rrez}, C.~M. and {Hafez}, Y.~A. and
	{Hobson}, M.~P. and {Jones}, M.~E. and {Kneissl}, R. and {Lancaster}, K. and
	{Lasenby}, A. and {Leahy}, J.~P. and {Maisinger}, K. and {Marshall}, P.~J. and
	{Pooley}, G.~G. and {Rebolo}, R. and {Rubi{\~n}o-Martin}, J.~A. and
	{Rusholme}, B. and {Saunders}, R.~D.~E. and {Savage}, R. and
	{Scott}, P.~F. and {Sosa Molina}, P.~J. and {Taylor}, A.~C. and
	{Titterington}, D. and {Waldram}, E. and {Watson}, R.~A. and
	{Wilkinson}, A.},
    title = "{Cosmological parameter estimation and Bayesian model comparison using Very Small Array data}",
  journal = {\mnras},
   eprint = {astro-ph/0212497},
 keywords = {cosmic microwave background, cosmological parameters, cosmology: observations},
     year = 2003,
    month = jun,
   volume = 341,
    pages = {L29-L34},
      doi = {10.1046/j.1365-8711.2003.06564.x},
   adsurl = {http://adsabs.harvard.edu/abs/2003MNRAS.341L..29S},
  adsnote = {Provided by the SAO/NASA Astrophysics Data System}
}

@ARTICLE{2002MNRAS.335.1037M,
   author = {{Marshall}, P.~J. and {Hobson}, M.~P. and {Gull}, S.~F. and
	{Bridle}, S.~L.},
    title = "{Maximum-entropy weak lens reconstruction: improved methods and application to data}",
  journal = {\mnras},
   eprint = {astro-ph/0112396},
 keywords = {gravitational lensing, methods: data analysis, galaxies: clusters: general, cosmology: theory, dark matter},
     year = 2002,
    month = oct,
   volume = 335,
    pages = {1037-1048},
      doi = {10.1046/j.1365-8711.2002.05685.x},
   adsurl = {http://adsabs.harvard.edu/abs/2002MNRAS.335.1037M},
  adsnote = {Provided by the SAO/NASA Astrophysics Data System}
}

@ARTICLE{2002GeoJI.150..153B,
   author = {{Bowers}, D. and {Douglas}, A. and {Selby}, N.~D. and {Marshall}, P.~D. and
	{Porter}, D. and {Wallis}, N.~J.},
    title = "{Seismological identification of the 1998 May 28 Pakistan nuclear test}",
  journal = {Geophysical Journal International},
 keywords = {Comprehensive Test Ban Treaty, discrimination, seismology, m$_{b}$ : M$_{s}$, P waves},
     year = 2002,
    month = jul,
   volume = 150,
    pages = {153-161},
      doi = {10.1046/j.1365-246X.2002.01695.x},
   adsurl = {http://adsabs.harvard.edu/abs/2002GeoJI.150..153B},
  adsnote = {Provided by the SAO/NASA Astrophysics Data System}
}
